,day,timestamp,product,bid_price_1,bid_volume_1,bid_price_2,bid_volume_2,bid_price_3,bid_volume_3,ask_price_1,ask_volume_1,ask_price_2,ask_volume_2,ask_price_3,ask_volume_3,mid_price,profit_and_loss,bidavg,askavg
0,0,0,AMETHYSTS,9998,1,9995.0,30.0,,,10005,30,,,,,10001.5,0.0,,
1,0,0,STARFRUIT,5036,30,,,,,5043,30,,,,,5039.5,0.0,,
2,0,100,AMETHYSTS,9996,1,9995.0,30.0,,,10002,6,10004.0,1.0,10005.0,30.0,9999.0,0.0,,10004.486486486487
3,0,100,STARFRUIT,5041,4,5037.0,1.0,5036.0,30.0,5043,31,,,,,5042.0,0.0,5036.6,
4,0,200,AMETHYSTS,9996,1,9995.0,21.0,,,10004,1,10005.0,21.0,,,10000.0,0.0,,
5,0,200,STARFRUIT,5037,1,5036.0,21.0,,,5043,1,5044.0,21.0,,,5040.0,0.0,,
6,0,300,STARFRUIT,5037,25,,,,,5044,25,,,,,5040.5,0.0,,
7,0,300,AMETHYSTS,9996,2,9995.0,23.0,,,9998,3,10004.0,2.0,10005.0,23.0,9997.0,0.0,,10004.17857142857
8,0,400,AMETHYSTS,9998,5,9996.0,2.0,9995.0,23.0,10004,2,10005.0,23.0,,,10001.0,0.0,9995.566666666668,
9,0,400,STARFRUIT,5037,25,,,,,5042,6,5044.0,25.0,,,5039.5,0.0,,
10,0,500,AMETHYSTS,10002,1,9996.0,2.0,9995.0,22.0,10004,2,10005.0,22.0,,,10003.0,0.0,9995.36,
11,0,500,STARFRUIT,5037,24,,,,,5044,24,,,,,5040.5,0.0,,
12,0,600,AMETHYSTS,9996,2,9995.0,24.0,,,10002,9,10004.0,2.0,10005.0,24.0,9999.0,0.0,,10004.171428571428
13,0,600,STARFRUIT,5037,26,,,,,5044,26,,,,,5040.5,0.0,,
14,0,700,STARFRUIT,5037,5,5036.0,27.0,,,5043,27,,,,,5040.0,0.0,,
15,0,700,AMETHYSTS,9998,7,9995.0,27.0,,,10005,27,,,,,10001.5,0.0,,
16,0,800,AMETHYSTS,9995,26,,,,,10005,26,,,,,10000.0,0.0,,
17,0,800,STARFRUIT,5036,26,,,,,5043,26,,,,,5039.5,0.0,,
18,0,900,AMETHYSTS,9996,2,9995.0,27.0,,,10004,2,10005.0,27.0,,,10000.0,0.0,,
19,0,900,STARFRUIT,5036,29,,,,,5043,29,,,,,5039.5,0.0,,
20,0,1000,AMETHYSTS,9996,2,9995.0,26.0,,,10004,2,10005.0,26.0,,,10000.0,0.0,,
21,0,1000,STARFRUIT,5037,2,5036.0,26.0,,,5043,28,,,,,5040.0,0.0,,
22,0,1100,STARFRUIT,5038,6,5037.0,25.0,,,5043,2,5044.0,23.0,,,5040.5,0.0,,
23,0,1100,AMETHYSTS,9996,2,9995.0,23.0,,,10004,2,10005.0,23.0,,,10000.0,0.0,,
24,0,1200,AMETHYSTS,9998,9,9996.0,2.0,9995.0,28.0,10004,2,10005.0,28.0,,,10001.0,0.0,9995.74358974359,
25,0,1200,STARFRUIT,5037,8,5036.0,30.0,,,5043,30,,,,,5040.0,0.0,,
26,0,1300,AMETHYSTS,9996,1,9995.0,27.0,,,10004,1,10005.0,27.0,,,10000.0,0.0,,
27,0,1300,STARFRUIT,5036,28,,,,,5037,5,5042.0,1.0,5043.0,27.0,5036.5,0.0,,5042.060606060606
28,0,1400,AMETHYSTS,9996,2,9995.0,24.0,,,10004,2,10005.0,24.0,,,10000.0,0.0,,
29,0,1400,STARFRUIT,5036,25,,,,,5043,26,,,,,5039.5,0.0,,
30,0,1500,STARFRUIT,5041,1,5036.0,22.0,,,5043,22,,,,,5042.0,0.0,,
31,0,1500,AMETHYSTS,10002,1,9996.0,2.0,9995.0,20.0,10004,2,10005.0,20.0,,,10003.0,0.0,9995.391304347826,
32,0,1600,AMETHYSTS,9996,1,9995.0,22.0,,,10004,1,10005.0,22.0,,,10000.0,0.0,,
33,0,1600,STARFRUIT,5037,23,,,,,5043,1,5044.0,22.0,,,5040.0,0.0,,
34,0,1700,AMETHYSTS,9995,27,,,,,10005,27,,,,,10000.0,0.0,,
35,0,1700,STARFRUIT,5036,27,,,,,5041,8,5043.0,27.0,,,5038.5,0.0,,
36,0,1800,AMETHYSTS,9996,2,9995.0,25.0,,,10004,2,10005.0,25.0,,,10000.0,0.0,,
37,0,1800,STARFRUIT,5037,10,5036.0,25.0,,,5043,2,5044.0,25.0,,,5040.0,0.0,,
38,0,1900,STARFRUIT,5036,31,,,,,5043,31,,,,,5039.5,0.0,,
39,0,1900,AMETHYSTS,9996,2,9995.0,29.0,,,10004,2,10005.0,29.0,,,10000.0,0.0,,
40,0,2000,AMETHYSTS,9996,1,9995.0,25.0,,,10002,7,10004.0,1.0,10005.0,25.0,9999.0,0.0,,10004.333333333334
41,0,2000,STARFRUIT,5036,26,,,,,5037,7,5043.0,26.0,,,5036.5,0.0,,
42,0,2100,AMETHYSTS,9995,23,,,,,10005,23,,,,,10000.0,0.0,,
43,0,2100,STARFRUIT,5036,23,,,,,5043,23,,,,,5039.5,0.0,,
44,0,2200,AMETHYSTS,9996,2,9995.0,30.0,,,10004,2,10005.0,30.0,,,10000.0,0.0,,
45,0,2200,STARFRUIT,5036,32,,,,,5043,32,,,,,5039.5,0.0,,
46,0,2300,STARFRUIT,5037,24,,,,,5043,2,5044.0,22.0,,,5040.0,0.0,,
47,0,2300,AMETHYSTS,9996,2,9995.0,22.0,,,10004,2,10005.0,22.0,,,10000.0,0.0,,
48,0,2400,AMETHYSTS,9998,4,9996.0,2.0,9995.0,23.0,10004,2,10005.0,23.0,,,10001.0,0.0,9995.48275862069,
49,0,2400,STARFRUIT,5042,10,5037.0,25.0,,,5043,2,5044.0,23.0,,,5042.5,0.0,,
50,0,2500,AMETHYSTS,9996,1,9995.0,20.0,,,10004,1,10005.0,20.0,,,10000.0,0.0,,
51,0,2500,STARFRUIT,5036,21,,,,,5043,21,,,,,5039.5,0.0,,
52,0,2600,AMETHYSTS,9995,25,,,,,10005,25,,,,,10000.0,0.0,,
53,0,2600,STARFRUIT,5035,25,,,,,5042,25,,,,,5038.5,0.0,,
54,0,2700,STARFRUIT,5035,25,,,,,5040,3,5041.0,1.0,5042.0,24.0,5037.5,0.0,,5041.75
55,0,2700,AMETHYSTS,9998,4,9996.0,1.0,9995.0,24.0,10004,1,10005.0,24.0,,,10001.0,0.0,9995.448275862069,
56,0,2800,AMETHYSTS,9998,5,9995.0,29.0,,,10005,29,,,,,10001.5,0.0,,
57,0,2800,STARFRUIT,5041,1,5035.0,29.0,,,5042,29,,,,,5041.5,0.0,,
58,0,2900,AMETHYSTS,10002,10,9996.0,2.0,9995.0,23.0,10004,2,10005.0,23.0,,,10003.0,0.0,9997.057142857142,
59,0,2900,STARFRUIT,5035,25,,,,,5042,25,,,,,5038.5,0.0,,
60,0,3000,AMETHYSTS,9996,2,9995.0,29.0,,,10004,2,10005.0,29.0,,,10000.0,0.0,,
61,0,3000,STARFRUIT,5035,2,5034.0,29.0,,,5041,31,,,,,5038.0,0.0,,
62,0,3100,STARFRUIT,5035,1,5034.0,26.0,,,5041,28,,,,,5038.0,0.0,,
63,0,3100,AMETHYSTS,9996,2,9995.0,26.0,,,10004,2,10005.0,26.0,,,10000.0,0.0,,
64,0,3200,STARFRUIT,5035,32,,,,,5041,2,5042.0,30.0,,,5038.0,0.0,,
65,0,3200,AMETHYSTS,9996,2,9995.0,30.0,,,10002,6,10004.0,2.0,10005.0,30.0,9999.0,0.0,,10004.473684210527
66,0,3300,AMETHYSTS,9996,2,9995.0,26.0,,,10004,2,10005.0,26.0,,,10000.0,0.0,,
67,0,3300,STARFRUIT,5034,28,,,,,5041,28,,,,,5037.5,0.0,,
68,0,3400,STARFRUIT,5034,29,,,,,5041,29,,,,,5037.5,0.0,,
69,0,3400,AMETHYSTS,9996,2,9995.0,27.0,,,10004,2,10005.0,27.0,,,10000.0,0.0,,
70,0,3500,STARFRUIT,5034,30,,,,,5041,30,,,,,5037.5,0.0,,
71,0,3500,AMETHYSTS,9996,2,9995.0,28.0,,,10002,9,10004.0,2.0,10005.0,28.0,9999.0,0.0,,10004.25641025641
72,0,3600,STARFRUIT,5035,2,5034.0,21.0,,,5041,21,,,,,5038.0,0.0,,
73,0,3600,AMETHYSTS,9995,21,,,,,9998,1,10005.0,21.0,,,9996.5,0.0,,
74,0,3700,AMETHYSTS,9996,2,9995.0,29.0,,,10000,5,10002.0,7.0,10004.0,2.0,9998.0,0.0,,10001.57142857143
75,0,3700,STARFRUIT,5035,2,5034.0,29.0,,,5037,4,5041.0,31.0,,,5036.0,0.0,,
76,0,3800,STARFRUIT,5034,30,,,,,5039,2,5041.0,30.0,,,5036.5,0.0,,
77,0,3800,AMETHYSTS,10002,1,9996.0,1.0,9995.0,29.0,10004,1,10005.0,29.0,,,10003.0,0.0,9995.258064516129,
78,0,3900,STARFRUIT,5034,25,,,,,5041,25,,,,,5037.5,0.0,,
79,0,3900,AMETHYSTS,9998,1,9995.0,25.0,,,10005,25,,,,,10001.5,0.0,,
80,0,4000,STARFRUIT,5035,5,5034.0,29.0,,,5041,29,,,,,5038.0,0.0,,
81,0,4000,AMETHYSTS,10002,9,9996.0,2.0,9995.0,27.0,10004,2,10005.0,27.0,,,10003.0,0.0,9996.71052631579,
82,0,4100,AMETHYSTS,9996,1,9995.0,23.0,,,10004,1,10005.0,23.0,,,10000.0,0.0,,
83,0,4100,STARFRUIT,5035,8,5034.0,23.0,,,5041,24,,,,,5038.0,0.0,,
84,0,4200,STARFRUIT,5035,3,5034.0,28.0,,,5041,28,,,,,5038.0,0.0,,
85,0,4200,AMETHYSTS,9996,2,9995.0,26.0,,,10004,2,10005.0,26.0,,,10000.0,0.0,,
86,0,4300,STARFRUIT,5035,2,5034.0,29.0,,,5041,31,,,,,5038.0,0.0,,
87,0,4300,AMETHYSTS,9996,2,9995.0,29.0,,,10004,2,10005.0,29.0,,,10000.0,0.0,,
88,0,4400,STARFRUIT,5036,7,5035.0,27.0,,,5042,27,,,,,5039.0,0.0,,
89,0,4400,AMETHYSTS,9996,1,9995.0,26.0,,,9998,1,10004.0,1.0,10005.0,26.0,9997.0,0.0,,10004.714285714286
90,0,4500,AMETHYSTS,9995,27,,,,,10005,27,,,,,10000.0,0.0,,
91,0,4500,STARFRUIT,5036,5,5035.0,27.0,,,5042,27,,,,,5039.0,0.0,,
92,0,4600,STARFRUIT,5035,22,,,,,5041,1,5042.0,21.0,,,5038.0,0.0,,
93,0,4600,AMETHYSTS,9996,1,9995.0,21.0,,,10004,1,10005.0,21.0,,,10000.0,0.0,,
94,0,4700,STARFRUIT,5034,27,,,,,5039,1,5041.0,27.0,,,5036.5,0.0,,
95,0,4700,AMETHYSTS,9998,4,9996.0,1.0,9995.0,26.0,10004,1,10005.0,26.0,,,10001.0,0.0,9995.41935483871,
96,0,4800,STARFRUIT,5034,25,,,,,5039,3,5041.0,25.0,,,5036.5,0.0,,
97,0,4800,AMETHYSTS,10002,3,9996.0,1.0,9995.0,24.0,10004,1,10005.0,24.0,,,10003.0,0.0,9995.785714285714,
98,0,4900,AMETHYSTS,9995,22,,,,,9998,4,10005.0,22.0,,,9996.5,0.0,,
99,0,4900,STARFRUIT,5033,22,,,,,5040,22,,,,,5036.5,0.0,,
100,0,5000,STARFRUIT,5033,1,5032.0,22.0,,,5037,1,5039.0,23.0,,,5035.0,0.0,,
101,0,5000,AMETHYSTS,9998,3,9996.0,1.0,9995.0,22.0,10004,1,10005.0,22.0,,,10001.0,0.0,9995.384615384615,
102,0,5100,STARFRUIT,5038,1,5032.0,25.0,,,5039,25,,,,,5038.5,0.0,,
103,0,5100,AMETHYSTS,10002,1,9998.0,9.0,9995.0,25.0,10005,25,,,,,10003.5,0.0,9995.971428571429,
104,0,5200,STARFRUIT,5033,2,5032.0,22.0,,,5039,24,,,,,5036.0,0.0,,
105,0,5200,AMETHYSTS,9996,2,9995.0,22.0,,,10004,2,10005.0,22.0,,,10000.0,0.0,,
106,0,5300,AMETHYSTS,9995,25,,,,,10005,25,,,,,10000.0,0.0,,
107,0,5300,STARFRUIT,5032,25,,,,,5039,25,,,,,5035.5,0.0,,
108,0,5400,STARFRUIT,5032,27,,,,,5035,6,5039.0,27.0,,,5033.5,0.0,,
109,0,5400,AMETHYSTS,9995,27,,,,,10000,6,10002.0,8.0,10005.0,27.0,9997.5,0.0,,10003.682926829268
110,0,5500,AMETHYSTS,9996,1,9995.0,29.0,,,10004,1,10005.0,29.0,,,10000.0,0.0,,
111,0,5500,STARFRUIT,5033,6,5032.0,30.0,,,5039,30,,,,,5036.0,0.0,,
112,0,5600,AMETHYSTS,10002,1,9998.0,8.0,9996.0,1.0,10004,1,10005.0,26.0,,,10003.0,0.0,9998.2,
113,0,5600,STARFRUIT,5036,2,5032.0,27.0,,,5038,1,5039.0,26.0,,,5037.0,0.0,,
114,0,5700,AMETHYSTS,9998,4,9996.0,2.0,9995.0,23.0,10004,2,10005.0,23.0,,,10001.0,0.0,9995.48275862069,
115,0,5700,STARFRUIT,5031,25,,,,,5036,5,5038.0,25.0,,,5033.5,0.0,,
116,0,5800,STARFRUIT,5037,1,5031.0,24.0,,,5038,24,,,,,5037.5,0.0,,
117,0,5800,AMETHYSTS,10002,1,9998.0,10.0,9995.0,24.0,10005,24,,,,,10003.5,0.0,9996.057142857142,
118,0,5900,AMETHYSTS,10000,5,9996.0,1.0,9995.0,20.0,10004,1,10005.0,20.0,,,10002.0,0.0,9996.0,
119,0,5900,STARFRUIT,5034,5,5032.0,4.0,5031.0,21.0,5038,21,,,,,5036.0,0.0,5031.633333333333,
120,0,6000,AMETHYSTS,9996,2,9995.0,22.0,,,9998,4,10004.0,2.0,10005.0,22.0,9997.0,0.0,,10003.92857142857
121,0,6000,STARFRUIT,5031,24,,,,,5038,24,,,,,5034.5,0.0,,
122,0,6100,AMETHYSTS,9996,1,9995.0,24.0,,,10000,5,10002.0,2.0,10004.0,1.0,9998.0,0.0,,10001.0
123,0,6100,STARFRUIT,5031,25,,,,,5034,5,5037.0,1.0,5038.0,24.0,5032.5,0.0,,5037.3
124,0,6200,STARFRUIT,5031,30,,,,,5038,30,,,,,5034.5,0.0,,
125,0,6200,AMETHYSTS,9996,1,9995.0,29.0,,,10004,1,10005.0,29.0,,,10000.0,0.0,,
126,0,6300,AMETHYSTS,9995,25,,,,,10005,25,,,,,10000.0,0.0,,
127,0,6300,STARFRUIT,5030,25,,,,,5031,1,5037.0,25.0,,,5030.5,0.0,,
128,0,6400,AMETHYSTS,10000,4,9995.0,23.0,,,10005,23,,,,,10002.5,0.0,,
129,0,6400,STARFRUIT,5033,4,5030.0,23.0,,,5037,23,,,,,5035.0,0.0,,
130,0,6500,AMETHYSTS,9995,20,,,,,10005,20,,,,,10000.0,0.0,,
131,0,6500,STARFRUIT,5034,3,5029.0,20.0,,,5036,20,,,,,5035.0,0.0,,
132,0,6600,STARFRUIT,5030,27,,,,,5036,1,5037.0,26.0,,,5033.0,0.0,,
133,0,6600,AMETHYSTS,9996,1,9995.0,26.0,,,10004,1,10005.0,26.0,,,10000.0,0.0,,
134,0,6700,AMETHYSTS,10002,4,9996.0,2.0,9995.0,26.0,10004,2,10005.0,26.0,,,10003.0,0.0,9995.9375,
135,0,6700,STARFRUIT,5030,7,5029.0,26.0,,,5036,28,,,,,5033.0,0.0,,
136,0,6800,AMETHYSTS,9998,1,9996.0,1.0,9995.0,23.0,10004,1,10005.0,23.0,,,10001.0,0.0,9995.16,
137,0,6800,STARFRUIT,5030,24,,,,,5037,24,,,,,5033.5,0.0,,
138,0,6900,AMETHYSTS,9995,28,,,,,10005,28,,,,,10000.0,0.0,,
139,0,6900,STARFRUIT,5030,28,,,,,5035,4,5037.0,28.0,,,5032.5,0.0,,
140,0,7000,STARFRUIT,5032,6,5030.0,2.0,5029.0,27.0,5036,29,,,,,5034.0,0.0,5029.571428571428,
141,0,7000,AMETHYSTS,10000,6,9998.0,7.0,9996.0,2.0,10004,2,10005.0,27.0,,,10002.0,0.0,9998.533333333333,
142,0,7100,AMETHYSTS,9996,1,9995.0,29.0,,,10004,1,10005.0,29.0,,,10000.0,0.0,,
143,0,7100,STARFRUIT,5030,1,5029.0,29.0,,,5036,30,,,,,5033.0,0.0,,
144,0,7200,AMETHYSTS,9996,2,9995.0,21.0,,,10004,2,10005.0,21.0,,,10000.0,0.0,,
145,0,7200,STARFRUIT,5030,23,,,,,5036,2,5037.0,21.0,,,5033.0,0.0,,
146,0,7300,AMETHYSTS,9996,2,9995.0,23.0,,,10002,4,10004.0,2.0,10005.0,23.0,9999.0,0.0,,10004.51724137931
147,0,7300,STARFRUIT,5030,25,,,,,5036,2,5037.0,23.0,,,5033.0,0.0,,
148,0,7400,STARFRUIT,5030,30,,,,,5035,6,5036.0,2.0,5037.0,28.0,5032.5,0.0,,5036.611111111111
149,0,7400,AMETHYSTS,10002,1,9996.0,2.0,9995.0,28.0,10004,2,10005.0,28.0,,,10003.0,0.0,9995.290322580646,
150,0,7500,AMETHYSTS,9995,29,,,,,10005,29,,,,,10000.0,0.0,,
151,0,7500,STARFRUIT,5030,29,,,,,5037,29,,,,,5033.5,0.0,,
152,0,7600,AMETHYSTS,9996,2,9995.0,24.0,,,10004,2,10005.0,24.0,,,10000.0,0.0,,
153,0,7600,STARFRUIT,5031,26,,,,,5038,26,,,,,5034.5,0.0,,
154,0,7700,STARFRUIT,5030,28,,,,,5035,5,5037.0,28.0,,,5032.5,0.0,,
155,0,7700,AMETHYSTS,9995,28,,,,,10005,28,,,,,10000.0,0.0,,
156,0,7800,AMETHYSTS,9996,1,9995.0,22.0,,,10004,1,10005.0,22.0,,,10000.0,0.0,,
157,0,7800,STARFRUIT,5036,1,5030.0,23.0,,,5037,23,,,,,5036.5,0.0,,
158,0,7900,AMETHYSTS,9996,1,9995.0,25.0,,,10002,4,10004.0,1.0,10005.0,25.0,9999.0,0.0,,10004.566666666668
159,0,7900,STARFRUIT,5035,1,5030.0,26.0,,,5037,26,,,,,5036.0,0.0,,
160,0,8000,AMETHYSTS,9996,1,9995.0,22.0,,,10004,1,10005.0,22.0,,,10000.0,0.0,,
161,0,8000,STARFRUIT,5031,6,5030.0,22.0,,,5037,23,,,,,5034.0,0.0,,
162,0,8100,STARFRUIT,5031,5,5030.0,22.0,,,5037,22,,,,,5034.0,0.0,,
163,0,8100,AMETHYSTS,9995,22,,,,,10005,22,,,,,10000.0,0.0,,
164,0,8200,AMETHYSTS,9995,20,,,,,9998,1,10002.0,2.0,10005.0,20.0,9996.5,0.0,,10004.434782608696
165,0,8200,STARFRUIT,5030,20,,,,,5035,8,5037.0,20.0,,,5032.5,0.0,,
166,0,8300,AMETHYSTS,10002,1,9998.0,6.0,9996.0,1.0,10004,1,10005.0,26.0,,,10003.0,0.0,9998.25,
167,0,8300,STARFRUIT,5031,1,5030.0,26.0,,,5037,27,,,,,5034.0,0.0,,
168,0,8400,AMETHYSTS,9995,26,,,,,10005,26,,,,,10000.0,0.0,,
169,0,8400,STARFRUIT,5032,8,5031.0,26.0,,,5038,26,,,,,5035.0,0.0,,
170,0,8500,STARFRUIT,5031,30,,,,,5038,30,,,,,5034.5,0.0,,
171,0,8500,AMETHYSTS,9995,30,,,,,10005,30,,,,,10000.0,0.0,,
172,0,8600,AMETHYSTS,9996,1,9995.0,22.0,,,10004,1,10005.0,22.0,,,10000.0,0.0,,
173,0,8600,STARFRUIT,5031,23,,,,,5036,4,5037.0,1.0,5038.0,22.0,5033.5,0.0,,5037.666666666667
174,0,8700,AMETHYSTS,9996,1,9995.0,29.0,,,10004,1,10005.0,29.0,,,10000.0,0.0,,
175,0,8700,STARFRUIT,5030,30,,,,,5035,6,5037.0,30.0,,,5032.5,0.0,,
176,0,8800,AMETHYSTS,9995,23,,,,,9998,12,10005.0,23.0,,,9996.5,0.0,,
177,0,8800,STARFRUIT,5031,1,5030.0,23.0,,,5037,23,,,,,5034.0,0.0,,
178,0,8900,STARFRUIT,5030,27,,,,,5037,27,,,,,5033.5,0.0,,
179,0,8900,AMETHYSTS,10002,5,9996.0,1.0,9995.0,26.0,10004,1,10005.0,26.0,,,10003.0,0.0,9996.125,
180,0,9000,AMETHYSTS,9995,23,,,,,10002,7,10005.0,23.0,,,9998.5,0.0,,
181,0,9000,STARFRUIT,5030,23,,,,,5037,23,,,,,5033.5,0.0,,
182,0,9100,AMETHYSTS,9996,1,9995.0,30.0,,,10004,1,10005.0,30.0,,,10000.0,0.0,,
183,0,9100,STARFRUIT,5030,1,5029.0,30.0,,,5036,31,,,,,5033.0,0.0,,
184,0,9200,AMETHYSTS,9995,24,,,,,10002,3,10005.0,24.0,,,9998.5,0.0,,
185,0,9200,STARFRUIT,5029,24,,,,,5034,7,5036.0,24.0,,,5031.5,0.0,,
186,0,9300,STARFRUIT,5034,4,5030.0,5.0,5029.0,23.0,5036,23,,,,,5035.0,0.0,5029.78125,
187,0,9300,AMETHYSTS,9995,23,,,,,10005,23,,,,,10000.0,0.0,,
188,0,9400,AMETHYSTS,9996,2,9995.0,22.0,,,10004,2,10005.0,22.0,,,10000.0,0.0,,
189,0,9400,STARFRUIT,5030,24,,,,,5036,2,5037.0,22.0,,,5033.0,0.0,,
190,0,9500,AMETHYSTS,9998,9,9996.0,1.0,9995.0,28.0,10004,1,10005.0,28.0,,,10001.0,0.0,9995.736842105263,
191,0,9500,STARFRUIT,5030,1,5029.0,28.0,,,5034,4,5036.0,29.0,,,5032.0,0.0,,
192,0,9600,AMETHYSTS,9995,20,,,,,10005,20,,,,,10000.0,0.0,,
193,0,9600,STARFRUIT,5029,20,,,,,5030,6,5036.0,20.0,,,5029.5,0.0,,
194,0,9700,STARFRUIT,5029,25,,,,,5036,25,,,,,5032.5,0.0,,
195,0,9700,AMETHYSTS,9998,3,9995.0,25.0,,,10005,25,,,,,10001.5,0.0,,
196,0,9800,AMETHYSTS,9995,21,,,,,10002,5,10005.0,21.0,,,9998.5,0.0,,
197,0,9800,STARFRUIT,5029,21,,,,,5036,21,,,,,5032.5,0.0,,
198,0,9900,AMETHYSTS,9995,22,,,,,10005,22,,,,,10000.0,0.0,,
199,0,9900,STARFRUIT,5029,22,,,,,5036,22,,,,,5032.5,0.0,,
200,0,10000,AMETHYSTS,9998,8,9996.0,2.0,9995.0,29.0,10004,2,10005.0,29.0,,,10001.0,0.0,9995.666666666666,
201,0,10000,STARFRUIT,5029,31,,,,,5036,31,,,,,5032.5,0.0,,
202,0,10100,STARFRUIT,5033,4,5028.0,22.0,,,5035,22,,,,,5034.0,0.0,,
203,0,10100,AMETHYSTS,9995,22,,,,,10005,22,,,,,10000.0,0.0,,
204,0,10200,AMETHYSTS,9996,2,9995.0,23.0,,,10004,2,10005.0,23.0,,,10000.0,0.0,,
205,0,10200,STARFRUIT,5028,25,,,,,5035,25,,,,,5031.5,0.0,,
206,0,10300,AMETHYSTS,9996,2,9995.0,20.0,,,10004,2,10005.0,20.0,,,10000.0,0.0,,
207,0,10300,STARFRUIT,5029,22,,,,,5035,2,5036.0,20.0,,,5032.0,0.0,,
208,0,10400,AMETHYSTS,9995,30,,,,,10005,30,,,,,10000.0,0.0,,
209,0,10400,STARFRUIT,5029,30,,,,,5034,5,5036.0,30.0,,,5031.5,0.0,,
210,0,10500,STARFRUIT,5030,1,5029.0,27.0,,,5036,1,5037.0,27.0,,,5033.0,0.0,,
211,0,10500,AMETHYSTS,9998,4,9996.0,1.0,9995.0,27.0,10004,1,10005.0,27.0,,,10001.0,0.0,9995.40625,
212,0,10600,AMETHYSTS,9995,23,,,,,9998,2,10002.0,6.0,10005.0,23.0,9996.5,0.0,,10003.967741935483
213,0,10600,STARFRUIT,5029,23,,,,,5034,3,5036.0,23.0,,,5031.5,0.0,,
214,0,10700,AMETHYSTS,9998,1,9995.0,23.0,,,10005,23,,,,,10001.5,0.0,,
215,0,10700,STARFRUIT,5029,23,,,,,5036,23,,,,,5032.5,0.0,,
216,0,10800,AMETHYSTS,10002,1,9998.0,4.0,9995.0,23.0,10005,23,,,,,10003.5,0.0,9995.67857142857,
217,0,10800,STARFRUIT,5029,22,,,,,5036,23,,,,,5032.5,0.0,,
218,0,10900,STARFRUIT,5029,1,5028.0,29.0,,,5035,30,,,,,5032.0,0.0,,
219,0,10900,AMETHYSTS,9996,1,9995.0,29.0,,,10004,1,10005.0,29.0,,,10000.0,0.0,,
220,0,11000,AMETHYSTS,9996,1,9995.0,29.0,,,10004,1,10005.0,29.0,,,10000.0,0.0,,
221,0,11000,STARFRUIT,5028,30,,,,,5035,30,,,,,5031.5,0.0,,
222,0,11100,AMETHYSTS,9996,2,9995.0,29.0,,,10002,4,10004.0,2.0,10005.0,29.0,9999.0,0.0,,10004.6
223,0,11100,STARFRUIT,5028,31,,,,,5034,2,5035.0,29.0,,,5031.0,0.0,,
224,0,11200,AMETHYSTS,10002,1,9996.0,1.0,9995.0,28.0,10004,1,10005.0,28.0,,,10003.0,0.0,9995.266666666666,
225,0,11200,STARFRUIT,5028,1,5027.0,28.0,,,5034,29,,,,,5031.0,0.0,,
226,0,11300,STARFRUIT,5027,27,,,,,5034,27,,,,,5030.5,0.0,,
227,0,11300,AMETHYSTS,9996,1,9995.0,26.0,,,10004,1,10005.0,26.0,,,10000.0,0.0,,
228,0,11400,AMETHYSTS,9998,2,9996.0,1.0,9995.0,23.0,10004,1,10005.0,23.0,,,10001.0,0.0,9995.26923076923,
229,0,11400,STARFRUIT,5027,24,,,,,5034,24,,,,,5030.5,0.0,,
230,0,11500,AMETHYSTS,9998,1,9996.0,1.0,9995.0,28.0,10004,1,10005.0,28.0,,,10001.0,0.0,9995.133333333333,
231,0,11500,STARFRUIT,5028,7,5027.0,29.0,,,5034,29,,,,,5031.0,0.0,,
232,0,11600,AMETHYSTS,9995,26,,,,,10005,26,,,,,10000.0,0.0,,
233,0,11600,STARFRUIT,5027,26,,,,,5032,6,5034.0,26.0,,,5029.5,0.0,,
234,0,11700,STARFRUIT,5027,1,5026.0,21.0,,,5033,22,,,,,5030.0,0.0,,
235,0,11700,AMETHYSTS,9996,1,9995.0,21.0,,,10004,1,10005.0,21.0,,,10000.0,0.0,,
236,0,11800,AMETHYSTS,9995,21,,,,,10005,21,,,,,10000.0,0.0,,
237,0,11800,STARFRUIT,5026,21,,,,,5033,21,,,,,5029.5,0.0,,
238,0,11900,AMETHYSTS,9995,25,,,,,10005,25,,,,,10000.0,0.0,,
239,0,11900,STARFRUIT,5025,25,,,,,5032,25,,,,,5028.5,0.0,,
240,0,12000,STARFRUIT,5025,25,,,,,5032,25,,,,,5028.5,0.0,,
241,0,12000,AMETHYSTS,9995,25,,,,,10005,25,,,,,10000.0,0.0,,
242,0,12100,STARFRUIT,5026,2,5025.0,20.0,,,5032,22,,,,,5029.0,0.0,,
243,0,12100,AMETHYSTS,9996,2,9995.0,20.0,,,10002,3,10004.0,2.0,10005.0,20.0,9999.0,0.0,,10004.56
244,0,12200,STARFRUIT,5025,28,,,,,5032,28,,,,,5028.5,0.0,,
245,0,12200,AMETHYSTS,9998,10,9996.0,2.0,9995.0,26.0,10004,2,10005.0,26.0,,,10001.0,0.0,9995.842105263158,
246,0,12300,AMETHYSTS,9996,1,9995.0,23.0,,,10000,5,10004.0,1.0,10005.0,23.0,9998.0,0.0,,10004.103448275862
247,0,12300,STARFRUIT,5026,5,5025.0,23.0,,,5028,6,5032.0,24.0,,,5027.0,0.0,,
248,0,12400,STARFRUIT,5026,30,,,,,5032,1,5033.0,29.0,,,5029.0,0.0,,
249,0,12400,AMETHYSTS,9996,1,9995.0,29.0,,,10004,1,10005.0,29.0,,,10000.0,0.0,,
250,0,12500,STARFRUIT,5026,31,,,,,5031,8,5033.0,31.0,,,5028.5,0.0,,
251,0,12500,AMETHYSTS,10002,5,9996.0,2.0,9995.0,29.0,10004,2,10005.0,29.0,,,10003.0,0.0,9996.027777777777,
252,0,12600,STARFRUIT,5026,31,,,,,5033,31,,,,,5029.5,0.0,,
253,0,12600,AMETHYSTS,9998,5,9996.0,1.0,9995.0,30.0,10004,1,10005.0,30.0,,,10001.0,0.0,9995.444444444445,
254,0,12700,AMETHYSTS,9996,2,9995.0,29.0,,,10004,2,10005.0,29.0,,,10000.0,0.0,,
255,0,12700,STARFRUIT,5027,31,,,,,5034,31,,,,,5030.5,0.0,,
256,0,12800,STARFRUIT,5027,31,,,,,5032,3,5034.0,31.0,,,5029.5,0.0,,
257,0,12800,AMETHYSTS,9996,1,9995.0,30.0,,,10002,3,10004.0,1.0,10005.0,30.0,9999.0,0.0,,10004.70588235294
258,0,12900,STARFRUIT,5027,24,,,,,5032,4,5034.0,24.0,,,5029.5,0.0,,
259,0,12900,AMETHYSTS,9995,24,,,,,10005,24,,,,,10000.0,0.0,,
260,0,13000,STARFRUIT,5027,27,,,,,5034,27,,,,,5030.5,0.0,,
261,0,13000,AMETHYSTS,9995,27,,,,,10005,27,,,,,10000.0,0.0,,
262,0,13100,AMETHYSTS,9996,2,9995.0,28.0,,,10004,2,10005.0,28.0,,,10000.0,0.0,,
263,0,13100,STARFRUIT,5032,2,5029.0,7.0,5028.0,30.0,5034,2,5035.0,28.0,,,5033.0,0.0,5028.384615384615,
264,0,13200,STARFRUIT,5028,28,,,,,5033,3,5035.0,28.0,,,5030.5,0.0,,
265,0,13200,AMETHYSTS,9995,28,,,,,10005,28,,,,,10000.0,0.0,,
266,0,13300,STARFRUIT,5028,28,,,,,5033,6,5035.0,28.0,,,5030.5,0.0,,
267,0,13300,AMETHYSTS,9996,2,9995.0,26.0,,,10004,2,10005.0,26.0,,,10000.0,0.0,,
268,0,13400,STARFRUIT,5029,8,5028.0,26.0,,,5035,26,,,,,5032.0,0.0,,
269,0,13400,AMETHYSTS,10002,1,9996.0,1.0,9995.0,25.0,10004,1,10005.0,25.0,,,10003.0,0.0,9995.296296296296,
270,0,13500,AMETHYSTS,9996,1,9995.0,29.0,,,10002,9,10004.0,1.0,10005.0,29.0,9999.0,0.0,,10004.28205128205
271,0,13500,STARFRUIT,5029,5,5028.0,30.0,,,5035,30,,,,,5032.0,0.0,,
272,0,13600,STARFRUIT,5033,5,5028.0,25.0,,,5035,25,,,,,5034.0,0.0,,
273,0,13600,AMETHYSTS,9996,2,9995.0,23.0,,,10004,2,10005.0,23.0,,,10000.0,0.0,,
274,0,13700,STARFRUIT,5031,3,5029.0,2.0,5028.0,28.0,5035,30,,,,,5033.0,0.0,5028.333333333333,
275,0,13700,AMETHYSTS,10000,2,9996.0,2.0,9995.0,28.0,10002,7,10004.0,2.0,10005.0,28.0,10001.0,0.0,9995.375,10004.378378378378
276,0,13800,STARFRUIT,5029,1,5028.0,24.0,,,5035,25,,,,,5032.0,0.0,,
277,0,13800,AMETHYSTS,9996,1,9995.0,24.0,,,10004,1,10005.0,24.0,,,10000.0,0.0,,
278,0,13900,AMETHYSTS,9995,20,,,,,10002,2,10005.0,20.0,,,9998.5,0.0,,
279,0,13900,STARFRUIT,5029,20,,,,,5036,20,,,,,5032.5,0.0,,
280,0,14000,STARFRUIT,5035,1,5030.0,1.0,5029.0,26.0,5036,27,,,,,5035.5,0.0,5029.25,
281,0,14000,AMETHYSTS,9996,1,9995.0,26.0,,,10004,1,10005.0,26.0,,,10000.0,0.0,,
282,0,14100,STARFRUIT,5032,3,5029.0,24.0,,,5036,24,,,,,5034.0,0.0,,
283,0,14100,AMETHYSTS,10000,3,9996.0,2.0,9995.0,22.0,10004,2,10005.0,22.0,,,10002.0,0.0,9995.62962962963,
284,0,14200,STARFRUIT,5029,24,,,,,5036,24,,,,,5032.5,0.0,,
285,0,14200,AMETHYSTS,9996,2,9995.0,22.0,,,10004,2,10005.0,22.0,,,10000.0,0.0,,
286,0,14300,AMETHYSTS,9996,2,9995.0,28.0,,,10004,2,10005.0,28.0,,,10000.0,0.0,,
287,0,14300,STARFRUIT,5029,1,5028.0,28.0,,,5035,30,,,,,5032.0,0.0,,
288,0,14400,STARFRUIT,5029,23,,,,,5034,4,5036.0,23.0,,,5031.5,0.0,,
289,0,14400,AMETHYSTS,9998,9,9996.0,1.0,9995.0,22.0,10004,1,10005.0,22.0,,,10001.0,0.0,9995.875,
290,0,14500,AMETHYSTS,9996,1,9995.0,22.0,,,10000,2,10004.0,1.0,10005.0,22.0,9998.0,0.0,,10004.56
291,0,14500,STARFRUIT,5029,22,,,,,5032,2,5034.0,1.0,5036.0,23.0,5030.5,0.0,,5035.615384615385
292,0,14600,AMETHYSTS,9995,21,,,,,10002,3,10005.0,21.0,,,9998.5,0.0,,
293,0,14600,STARFRUIT,5028,21,,,,,5036,21,,,,,5032.0,0.0,,
294,0,14700,AMETHYSTS,9998,5,9996.0,2.0,9995.0,24.0,10004,2,10005.0,24.0,,,10001.0,0.0,9995.548387096775,
295,0,14700,STARFRUIT,5029,26,,,,,5035,2,5036.0,24.0,,,5032.0,0.0,,
296,0,14800,STARFRUIT,5029,1,5028.0,21.0,,,5033,5,5035.0,23.0,,,5031.0,0.0,,
297,0,14800,AMETHYSTS,9996,2,9995.0,21.0,,,10004,2,10005.0,21.0,,,10000.0,0.0,,
298,0,14900,AMETHYSTS,9996,2,9995.0,28.0,,,10002,8,10004.0,2.0,10005.0,28.0,9999.0,0.0,,10004.315789473685
299,0,14900,STARFRUIT,5028,30,,,,,5035,30,,,,,5031.5,0.0,,
300,0,15000,AMETHYSTS,9996,1,9995.0,22.0,,,10004,1,10005.0,22.0,,,10000.0,0.0,,
301,0,15000,STARFRUIT,5028,22,,,,,5035,23,,,,,5031.5,0.0,,
302,0,15100,AMETHYSTS,10002,1,9996.0,1.0,9995.0,25.0,10004,1,10005.0,25.0,,,10003.0,0.0,9995.296296296296,
303,0,15100,STARFRUIT,5033,1,5028.0,26.0,,,5035,26,,,,,5034.0,0.0,,
304,0,15200,STARFRUIT,5029,1,5028.0,25.0,,,5031,4,5035.0,25.0,,,5030.0,0.0,,
305,0,15200,AMETHYSTS,9998,3,9996.0,2.0,9995.0,23.0,10000,4,10004.0,2.0,10005.0,23.0,9999.0,0.0,9995.392857142857,10004.241379310344
306,0,15300,AMETHYSTS,9998,3,9996.0,2.0,9995.0,22.0,10004,2,10005.0,22.0,,,10001.0,0.0,9995.407407407407,
307,0,15300,STARFRUIT,5028,6,5027.0,22.0,,,5034,2,5035.0,22.0,,,5031.0,0.0,,
308,0,15400,AMETHYSTS,9996,2,9995.0,24.0,,,10002,4,10004.0,2.0,10005.0,24.0,9999.0,0.0,,10004.533333333333
309,0,15400,STARFRUIT,5028,2,5027.0,24.0,,,5032,3,5034.0,26.0,,,5030.0,0.0,,
310,0,15500,AMETHYSTS,9998,5,9995.0,20.0,,,10005,20,,,,,10001.5,0.0,,
311,0,15500,STARFRUIT,5028,20,,,,,5033,5,5035.0,20.0,,,5030.5,0.0,,
312,0,15600,STARFRUIT,5029,8,5028.0,24.0,,,5034,1,5035.0,23.0,,,5031.5,0.0,,
313,0,15600,AMETHYSTS,9996,1,9995.0,23.0,,,10004,1,10005.0,23.0,,,10000.0,0.0,,
314,0,15700,AMETHYSTS,9996,2,9995.0,20.0,,,10004,2,10005.0,20.0,,,10000.0,0.0,,
315,0,15700,STARFRUIT,5028,22,,,,,5034,2,5035.0,20.0,,,5031.0,0.0,,
316,0,15800,AMETHYSTS,9998,5,9996.0,2.0,9995.0,24.0,10004,2,10005.0,24.0,,,10001.0,0.0,9995.548387096775,
317,0,15800,STARFRUIT,5028,26,,,,,5033,3,5035.0,26.0,,,5030.5,0.0,,
318,0,15900,AMETHYSTS,9998,10,9995.0,27.0,,,10005,27,,,,,10001.5,0.0,,
319,0,15900,STARFRUIT,5028,27,,,,,5035,27,,,,,5031.5,0.0,,
320,0,16000,STARFRUIT,5030,8,5029.0,27.0,,,5036,27,,,,,5033.0,0.0,,
321,0,16000,AMETHYSTS,9996,2,9995.0,25.0,,,10002,7,10004.0,2.0,10005.0,25.0,9999.0,0.0,,10004.323529411764
322,0,16100,AMETHYSTS,9998,4,9995.0,29.0,,,10005,29,,,,,10001.5,0.0,,
323,0,16100,STARFRUIT,5029,29,,,,,5036,29,,,,,5032.5,0.0,,
324,0,16200,AMETHYSTS,9995,21,,,,,10005,21,,,,,10000.0,0.0,,
325,0,16200,STARFRUIT,5033,4,5029.0,21.0,,,5034,3,5036.0,21.0,,,5033.5,0.0,,
326,0,16300,AMETHYSTS,9996,2,9995.0,29.0,,,10002,2,10004.0,2.0,10005.0,29.0,9999.0,0.0,,10004.757575757576
327,0,16300,STARFRUIT,5029,31,,,,,5034,2,5036.0,31.0,,,5031.5,0.0,,
328,0,16400,AMETHYSTS,9996,2,9995.0,22.0,,,9998,1,10004.0,2.0,10005.0,22.0,9997.0,0.0,,10004.64
329,0,16400,STARFRUIT,5028,24,,,,,5030,4,5035.0,24.0,,,5029.0,0.0,,
330,0,16500,AMETHYSTS,9996,2,9995.0,25.0,,,10004,2,10005.0,25.0,,,10000.0,0.0,,
331,0,16500,STARFRUIT,5028,27,,,,,5033,6,5034.0,2.0,5035.0,25.0,5030.5,0.0,,5034.575757575758
332,0,16600,AMETHYSTS,9996,2,9995.0,23.0,,,10004,2,10005.0,23.0,,,10000.0,0.0,,
333,0,16600,STARFRUIT,5028,25,,,,,5034,2,5035.0,23.0,,,5031.0,0.0,,
334,0,16700,STARFRUIT,5028,23,,,,,5035,24,,,,,5031.5,0.0,,
335,0,16700,AMETHYSTS,10002,3,9996.0,1.0,9995.0,23.0,10004,1,10005.0,23.0,,,10003.0,0.0,9995.814814814816,
336,0,16800,AMETHYSTS,9996,2,9995.0,30.0,,,10002,5,10004.0,2.0,10005.0,30.0,9999.0,0.0,,10004.54054054054
337,0,16800,STARFRUIT,5028,32,,,,,5035,32,,,,,5031.5,0.0,,
338,0,16900,AMETHYSTS,9996,1,9995.0,23.0,,,10004,1,10005.0,23.0,,,10000.0,0.0,,
339,0,16900,STARFRUIT,5029,6,5028.0,24.0,,,5035,24,,,,,5032.0,0.0,,
340,0,17000,AMETHYSTS,9995,23,,,,,10005,23,,,,,10000.0,0.0,,
341,0,17000,STARFRUIT,5028,23,,,,,5035,23,,,,,5031.5,0.0,,
342,0,17100,STARFRUIT,5027,30,,,,,5034,31,,,,,5030.5,0.0,,
343,0,17100,AMETHYSTS,9998,6,9996.0,1.0,9995.0,30.0,10004,1,10005.0,30.0,,,10001.0,0.0,9995.513513513513,
344,0,17200,AMETHYSTS,9998,6,9996.0,2.0,9995.0,24.0,10004,2,10005.0,24.0,,,10001.0,0.0,9995.625,
345,0,17200,STARFRUIT,5027,26,,,,,5034,26,,,,,5030.5,0.0,,
346,0,17300,AMETHYSTS,9995,28,,,,,9998,1,10002.0,3.0,10005.0,28.0,9996.5,0.0,,10004.5
347,0,17300,STARFRUIT,5026,28,,,,,5031,2,5033.0,28.0,,,5028.5,0.0,,
348,0,17400,AMETHYSTS,9996,1,9995.0,24.0,,,10004,1,10005.0,24.0,,,10000.0,0.0,,
349,0,17400,STARFRUIT,5026,5,5025.0,24.0,,,5032,25,,,,,5029.0,0.0,,
350,0,17500,STARFRUIT,5026,24,,,,,5033,24,,,,,5029.5,0.0,,
351,0,17500,AMETHYSTS,9996,1,9995.0,23.0,,,10004,1,10005.0,23.0,,,10000.0,0.0,,
352,0,17600,AMETHYSTS,9995,27,,,,,10005,27,,,,,10000.0,0.0,,
353,0,17600,STARFRUIT,5026,27,,,,,5033,27,,,,,5029.5,0.0,,
354,0,17700,AMETHYSTS,9996,1,9995.0,23.0,,,10004,1,10005.0,23.0,,,10000.0,0.0,,
355,0,17700,STARFRUIT,5026,24,,,,,5033,24,,,,,5029.5,0.0,,
356,0,17800,AMETHYSTS,9995,23,,,,,10005,23,,,,,10000.0,0.0,,
357,0,17800,STARFRUIT,5026,23,,,,,5033,23,,,,,5029.5,0.0,,
358,0,17900,STARFRUIT,5026,30,,,,,5033,30,,,,,5029.5,0.0,,
359,0,17900,AMETHYSTS,9998,8,9996.0,1.0,9995.0,29.0,10004,1,10005.0,29.0,,,10001.0,0.0,9995.657894736842,
360,0,18000,AMETHYSTS,9998,7,9996.0,2.0,9995.0,26.0,10004,2,10005.0,26.0,,,10001.0,0.0,9995.657142857142,
361,0,18000,STARFRUIT,5030,5,5026.0,28.0,,,5033,28,,,,,5031.5,0.0,,
362,0,18100,AMETHYSTS,9995,21,,,,,10005,21,,,,,10000.0,0.0,,
363,0,18100,STARFRUIT,5026,21,,,,,5033,21,,,,,5029.5,0.0,,
364,0,18200,AMETHYSTS,9996,1,9995.0,23.0,,,10004,1,10005.0,23.0,,,10000.0,0.0,,
365,0,18200,STARFRUIT,5032,1,5028.0,1.0,5027.0,24.0,5033,1,5034.0,23.0,,,5032.5,0.0,5027.2307692307695,
366,0,18300,STARFRUIT,5028,2,5027.0,29.0,,,5033,2,5034.0,27.0,,,5030.5,0.0,,
367,0,18300,AMETHYSTS,9996,2,9995.0,27.0,,,10004,2,10005.0,27.0,,,10000.0,0.0,,
368,0,18400,AMETHYSTS,9996,1,9995.0,29.0,,,10004,1,10005.0,29.0,,,10000.0,0.0,,
369,0,18400,STARFRUIT,5027,30,,,,,5032,3,5033.0,1.0,5034.0,29.0,5029.5,0.0,,5033.787878787879
370,0,18500,AMETHYSTS,9998,3,9996.0,2.0,9995.0,30.0,10004,2,10005.0,30.0,,,10001.0,0.0,9995.314285714287,
371,0,18500,STARFRUIT,5027,32,,,,,5034,32,,,,,5030.5,0.0,,
372,0,18600,AMETHYSTS,9996,1,9995.0,30.0,,,10002,9,10004.0,1.0,10005.0,30.0,9999.0,0.0,,10004.3
373,0,18600,STARFRUIT,5028,31,,,,,5033,7,5035.0,31.0,,,5030.5,0.0,,
374,0,18700,STARFRUIT,5029,2,5028.0,25.0,,,5033,3,5035.0,27.0,,,5031.0,0.0,,
375,0,18700,AMETHYSTS,10002,9,9996.0,2.0,9995.0,25.0,10004,2,10005.0,25.0,,,10003.0,0.0,9996.805555555555,
376,0,18800,AMETHYSTS,9996,2,9995.0,22.0,,,10004,2,10005.0,22.0,,,10000.0,0.0,,
377,0,18800,STARFRUIT,5028,24,,,,,5033,8,5035.0,24.0,,,5030.5,0.0,,
378,0,18900,AMETHYSTS,9996,1,9995.0,27.0,,,10004,1,10005.0,27.0,,,10000.0,0.0,,
379,0,18900,STARFRUIT,5030,4,5029.0,28.0,,,5036,28,,,,,5033.0,0.0,,
380,0,19000,AMETHYSTS,9995,25,,,,,10002,7,10005.0,25.0,,,9998.5,0.0,,
381,0,19000,STARFRUIT,5034,5,5029.0,25.0,,,5036,25,,,,,5035.0,0.0,,
382,0,19100,STARFRUIT,5030,1,5029.0,28.0,,,5032,5,5034.0,7.0,5036.0,29.0,5031.0,0.0,,5035.170731707317
383,0,19100,AMETHYSTS,9996,1,9995.0,28.0,,,10000,5,10004.0,1.0,10005.0,28.0,9998.0,0.0,,10004.235294117647
384,0,19200,AMETHYSTS,9996,1,9995.0,28.0,,,10002,7,10004.0,1.0,10005.0,28.0,9999.0,0.0,,10004.388888888889
385,0,19200,STARFRUIT,5030,29,,,,,5037,29,,,,,5033.5,0.0,,
386,0,19300,AMETHYSTS,9996,2,9995.0,30.0,,,10004,2,10005.0,30.0,,,10000.0,0.0,,
387,0,19300,STARFRUIT,5032,5,5031.0,30.0,,,5038,32,,,,,5035.0,0.0,,
388,0,19400,AMETHYSTS,9996,1,9995.0,20.0,,,10002,3,10004.0,1.0,10005.0,20.0,9999.0,0.0,,10004.583333333334
389,0,19400,STARFRUIT,5033,4,5032.0,21.0,,,5038,1,5039.0,20.0,,,5035.5,0.0,,
390,0,19500,STARFRUIT,5032,3,5031.0,20.0,,,5038,22,,,,,5035.0,0.0,,
391,0,19500,AMETHYSTS,9996,2,9995.0,20.0,,,10004,2,10005.0,20.0,,,10000.0,0.0,,
392,0,19600,AMETHYSTS,9996,2,9995.0,29.0,,,10004,2,10005.0,29.0,,,10000.0,0.0,,
393,0,19600,STARFRUIT,5032,31,,,,,5038,2,5039.0,29.0,,,5035.0,0.0,,
394,0,19700,AMETHYSTS,9996,1,9995.0,24.0,,,10002,2,10004.0,1.0,10005.0,24.0,9999.0,0.0,,10004.74074074074
395,0,19700,STARFRUIT,5032,25,,,,,5039,25,,,,,5035.5,0.0,,
396,0,19800,AMETHYSTS,10002,4,9995.0,20.0,,,10005,20,,,,,10003.5,0.0,,
397,0,19800,STARFRUIT,5032,20,,,,,5039,20,,,,,5035.5,0.0,,
398,0,19900,STARFRUIT,5033,1,5032.0,27.0,,,5039,28,,,,,5036.0,0.0,,
399,0,19900,AMETHYSTS,9996,1,9995.0,27.0,,,10004,1,10005.0,27.0,,,10000.0,0.0,,
400,0,20000,AMETHYSTS,9996,1,9995.0,28.0,,,10002,4,10004.0,1.0,10005.0,28.0,9999.0,0.0,,10004.60606060606
401,0,20000,STARFRUIT,5032,29,,,,,5039,29,,,,,5035.5,0.0,,
402,0,20100,AMETHYSTS,9998,9,9996.0,2.0,9995.0,29.0,10004,2,10005.0,29.0,,,10001.0,0.0,9995.725,
403,0,20100,STARFRUIT,5033,31,,,,,5039,2,5040.0,29.0,,,5036.0,0.0,,
404,0,20200,AMETHYSTS,9995,29,,,,,10005,29,,,,,10000.0,0.0,,
405,0,20200,STARFRUIT,5032,29,,,,,5039,29,,,,,5035.5,0.0,,
406,0,20300,STARFRUIT,5033,2,5032.0,21.0,,,5039,23,,,,,5036.0,0.0,,
407,0,20300,AMETHYSTS,9996,2,9995.0,21.0,,,10004,2,10005.0,21.0,,,10000.0,0.0,,
408,0,20400,AMETHYSTS,9995,24,,,,,10005,24,,,,,10000.0,0.0,,
409,0,20400,STARFRUIT,5032,24,,,,,5039,24,,,,,5035.5,0.0,,
410,0,20500,AMETHYSTS,9995,30,,,,,10005,30,,,,,10000.0,0.0,,
411,0,20500,STARFRUIT,5037,10,5032.0,30.0,,,5039,30,,,,,5038.0,0.0,,
412,0,20600,AMETHYSTS,9996,2,9995.0,21.0,,,10004,2,10005.0,21.0,,,10000.0,0.0,,
413,0,20600,STARFRUIT,5033,23,,,,,5040,23,,,,,5036.5,0.0,,
414,0,20700,STARFRUIT,5034,1,5033.0,30.0,,,5040,1,5041.0,30.0,,,5037.0,0.0,,
415,0,20700,AMETHYSTS,9996,1,9995.0,30.0,,,10002,6,10004.0,1.0,10005.0,30.0,9999.0,0.0,,10004.486486486487
416,0,20800,AMETHYSTS,9996,2,9995.0,23.0,,,10004,2,10005.0,23.0,,,10000.0,0.0,,
417,0,20800,STARFRUIT,5039,1,5034.0,25.0,,,5040,2,5041.0,23.0,,,5039.5,0.0,,
418,0,20900,AMETHYSTS,9996,1,9995.0,23.0,,,10004,1,10005.0,23.0,,,10000.0,0.0,,
419,0,20900,STARFRUIT,5034,24,,,,,5041,24,,,,,5037.5,0.0,,
420,0,21000,STARFRUIT,5034,27,,,,,5041,27,,,,,5037.5,0.0,,
421,0,21000,AMETHYSTS,9995,27,,,,,10005,27,,,,,10000.0,0.0,,
422,0,21100,STARFRUIT,5034,30,,,,,5041,30,,,,,5037.5,0.0,,
423,0,21100,AMETHYSTS,9998,1,9996.0,2.0,9995.0,28.0,10004,2,10005.0,28.0,,,10001.0,0.0,9995.161290322581,
424,0,21200,STARFRUIT,5034,23,,,,,5041,23,,,,,5037.5,0.0,,
425,0,21200,AMETHYSTS,9995,23,,,,,10005,23,,,,,10000.0,0.0,,
426,0,21300,AMETHYSTS,9995,29,,,,,10005,29,,,,,10000.0,0.0,,
427,0,21300,STARFRUIT,5034,29,,,,,5035,1,5040.0,5.0,5042.0,29.0,5034.5,0.0,,5041.5142857142855
428,0,21400,STARFRUIT,5034,30,,,,,5041,30,,,,,5037.5,0.0,,
429,0,21400,AMETHYSTS,9995,30,,,,,10005,30,,,,,10000.0,0.0,,
430,0,21500,STARFRUIT,5035,2,5034.0,22.0,,,5039,5,5041.0,24.0,,,5037.0,0.0,,
431,0,21500,AMETHYSTS,9996,2,9995.0,22.0,,,10004,2,10005.0,22.0,,,10000.0,0.0,,
432,0,21600,STARFRUIT,5035,28,,,,,5042,29,,,,,5038.5,0.0,,
433,0,21600,AMETHYSTS,10002,1,9995.0,29.0,,,10005,29,,,,,10003.5,0.0,,
434,0,21700,AMETHYSTS,9996,1,9995.0,30.0,,,10002,10,10004.0,1.0,10005.0,30.0,9999.0,0.0,,10004.243902439024
435,0,21700,STARFRUIT,5035,1,5034.0,30.0,,,5041,1,5042.0,30.0,,,5038.0,0.0,,
436,0,21800,STARFRUIT,5035,29,,,,,5036,1,5042.0,29.0,,,5035.5,0.0,,
437,0,21800,AMETHYSTS,9998,6,9996.0,1.0,9995.0,28.0,10004,1,10005.0,28.0,,,10001.0,0.0,9995.542857142857,
438,0,21900,STARFRUIT,5036,1,5035.0,30.0,,,5042,30,,,,,5039.0,0.0,,
439,0,21900,AMETHYSTS,9996,2,9995.0,28.0,,,10004,2,10005.0,28.0,,,10000.0,0.0,,
440,0,22000,STARFRUIT,5036,4,5035.0,24.0,,,5038,2,5042.0,24.0,,,5037.0,0.0,,
441,0,22000,AMETHYSTS,9996,1,9995.0,23.0,,,10000,2,10004.0,1.0,10005.0,23.0,9998.0,0.0,,10004.576923076924
442,0,22100,AMETHYSTS,9996,2,9995.0,23.0,,,10004,2,10005.0,23.0,,,10000.0,0.0,,
443,0,22100,STARFRUIT,5035,24,,,,,5042,25,,,,,5038.5,0.0,,
444,0,22200,STARFRUIT,5036,1,5035.0,27.0,,,5040,6,5042.0,28.0,,,5038.0,0.0,,
445,0,22200,AMETHYSTS,9996,1,9995.0,27.0,,,10002,4,10004.0,1.0,10005.0,27.0,9999.0,0.0,,10004.59375
446,0,22300,STARFRUIT,5036,30,,,,,5043,30,,,,,5039.5,0.0,,
447,0,22300,AMETHYSTS,9996,1,9995.0,29.0,,,10004,1,10005.0,29.0,,,10000.0,0.0,,
448,0,22400,STARFRUIT,5036,26,,,,,5043,26,,,,,5039.5,0.0,,
449,0,22400,AMETHYSTS,10002,2,9996.0,2.0,9995.0,24.0,10004,2,10005.0,24.0,,,10003.0,0.0,9995.57142857143,
450,0,22500,AMETHYSTS,10002,6,9995.0,27.0,,,10005,27,,,,,10003.5,0.0,,
451,0,22500,STARFRUIT,5036,27,,,,,5043,27,,,,,5039.5,0.0,,
452,0,22600,STARFRUIT,5036,27,,,,,5043,27,,,,,5039.5,0.0,,
453,0,22600,AMETHYSTS,9996,1,9995.0,26.0,,,10002,9,10004.0,1.0,10005.0,26.0,9999.0,0.0,,10004.222222222223
454,0,22700,STARFRUIT,5036,28,,,,,5043,28,,,,,5039.5,0.0,,
455,0,22700,AMETHYSTS,9995,28,,,,,10005,28,,,,,10000.0,0.0,,
456,0,22800,STARFRUIT,5036,30,,,,,5043,30,,,,,5039.5,0.0,,
457,0,22800,AMETHYSTS,9996,1,9995.0,29.0,,,9998,3,10004.0,1.0,10005.0,29.0,9997.0,0.0,,10004.333333333334
458,0,22900,AMETHYSTS,9996,2,9995.0,24.0,,,9998,1,10004.0,2.0,10005.0,24.0,9997.0,0.0,,10004.666666666666
459,0,22900,STARFRUIT,5036,26,,,,,5043,26,,,,,5039.5,0.0,,
460,0,23000,STARFRUIT,5037,2,5036.0,24.0,,,5043,26,,,,,5040.0,0.0,,
461,0,23000,AMETHYSTS,9998,3,9996.0,2.0,9995.0,24.0,10004,2,10005.0,24.0,,,10001.0,0.0,9995.379310344828,
462,0,23100,STARFRUIT,5037,24,,,,,5043,1,5044.0,23.0,,,5040.0,0.0,,
463,0,23100,AMETHYSTS,9996,1,9995.0,23.0,,,10002,10,10004.0,1.0,10005.0,23.0,9999.0,0.0,,10004.088235294117
464,0,23200,AMETHYSTS,9995,26,,,,,9998,1,10002.0,10.0,10005.0,26.0,9996.5,0.0,,10004.0
465,0,23200,STARFRUIT,5036,26,,,,,5043,26,,,,,5039.5,0.0,,
466,0,23300,AMETHYSTS,9995,22,,,,,10005,22,,,,,10000.0,0.0,,
467,0,23300,STARFRUIT,5036,22,,,,,5041,1,5044.0,22.0,,,5038.5,0.0,,
468,0,23400,STARFRUIT,5036,21,,,,,5044,21,,,,,5040.0,0.0,,
469,0,23400,AMETHYSTS,9998,6,9995.0,21.0,,,10005,21,,,,,10001.5,0.0,,
470,0,23500,AMETHYSTS,9996,2,9995.0,26.0,,,10004,2,10005.0,26.0,,,10000.0,0.0,,
471,0,23500,STARFRUIT,5037,28,,,,,5044,28,,,,,5040.5,0.0,,
472,0,23600,AMETHYSTS,9995,21,,,,,10002,6,10005.0,21.0,,,9998.5,0.0,,
473,0,23600,STARFRUIT,5036,21,,,,,5041,2,5043.0,21.0,,,5038.5,0.0,,
474,0,23700,AMETHYSTS,9995,24,,,,,10005,24,,,,,10000.0,0.0,,
475,0,23700,STARFRUIT,5037,24,,,,,5044,24,,,,,5040.5,0.0,,
476,0,23800,STARFRUIT,5037,23,,,,,5043,2,5044.0,21.0,,,5040.0,0.0,,
477,0,23800,AMETHYSTS,9996,2,9995.0,21.0,,,10004,2,10005.0,21.0,,,10000.0,0.0,,
478,0,23900,AMETHYSTS,9995,20,,,,,10005,20,,,,,10000.0,0.0,,
479,0,23900,STARFRUIT,5042,1,5037.0,20.0,,,5044,20,,,,,5043.0,0.0,,
480,0,24000,AMETHYSTS,9996,1,9995.0,22.0,,,10002,6,10004.0,1.0,10005.0,22.0,9999.0,0.0,,10004.344827586207
481,0,24000,STARFRUIT,5037,23,,,,,5044,23,,,,,5040.5,0.0,,
482,0,24100,AMETHYSTS,9996,2,9995.0,24.0,,,10004,2,10005.0,24.0,,,10000.0,0.0,,
483,0,24100,STARFRUIT,5037,26,,,,,5042,5,5044.0,26.0,,,5039.5,0.0,,
484,0,24200,STARFRUIT,5043,1,5038.0,27.0,,,5044,2,5045.0,25.0,,,5043.5,0.0,,
485,0,24200,AMETHYSTS,9998,4,9996.0,2.0,9995.0,25.0,10004,2,10005.0,25.0,,,10001.0,0.0,9995.451612903225,
486,0,24300,AMETHYSTS,10002,6,9996.0,2.0,9995.0,21.0,10004,2,10005.0,21.0,,,10003.0,0.0,9996.51724137931,
487,0,24300,STARFRUIT,5038,23,,,,,5044,2,5045.0,21.0,,,5041.0,0.0,,
488,0,24400,AMETHYSTS,9995,25,,,,,10005,25,,,,,10000.0,0.0,,
489,0,24400,STARFRUIT,5037,25,,,,,5044,25,,,,,5040.5,0.0,,
490,0,24500,AMETHYSTS,9995,21,,,,,9998,2,10002.0,7.0,10005.0,21.0,9996.5,0.0,,10003.833333333334
491,0,24500,STARFRUIT,5038,2,5037.0,21.0,,,5044,21,,,,,5041.0,0.0,,
492,0,24600,STARFRUIT,5038,1,5037.0,26.0,,,5044,27,,,,,5041.0,0.0,,
493,0,24600,AMETHYSTS,9996,1,9995.0,26.0,,,10004,1,10005.0,26.0,,,10000.0,0.0,,
494,0,24700,AMETHYSTS,9996,2,9995.0,20.0,,,10004,2,10005.0,20.0,,,10000.0,0.0,,
495,0,24700,STARFRUIT,5037,22,,,,,5044,22,,,,,5040.5,0.0,,
496,0,24800,AMETHYSTS,9996,2,9995.0,26.0,,,10004,2,10005.0,26.0,,,10000.0,0.0,,
497,0,24800,STARFRUIT,5037,28,,,,,5044,28,,,,,5040.5,0.0,,
498,0,24900,AMETHYSTS,9998,5,9996.0,2.0,9995.0,28.0,10004,2,10005.0,28.0,,,10001.0,0.0,9995.485714285714,
499,0,24900,STARFRUIT,5037,30,,,,,5042,1,5044.0,30.0,,,5039.5,0.0,,
500,0,25000,STARFRUIT,5038,8,5037.0,27.0,,,5043,1,5044.0,26.0,,,5040.5,0.0,,
501,0,25000,AMETHYSTS,9996,1,9995.0,26.0,,,10002,1,10004.0,1.0,10005.0,26.0,9999.0,0.0,,10004.857142857143
502,0,25100,AMETHYSTS,9995,23,,,,,10005,23,,,,,10000.0,0.0,,
503,0,25100,STARFRUIT,5036,23,,,,,5043,23,,,,,5039.5,0.0,,
504,0,25200,AMETHYSTS,9996,2,9995.0,24.0,,,10004,2,10005.0,24.0,,,10000.0,0.0,,
505,0,25200,STARFRUIT,5036,26,,,,,5037,1,5043.0,26.0,,,5036.5,0.0,,
506,0,25300,STARFRUIT,5036,26,,,,,5042,2,5043.0,24.0,,,5039.0,0.0,,
507,0,25300,AMETHYSTS,9996,2,9995.0,24.0,,,10002,1,10004.0,2.0,10005.0,24.0,9999.0,0.0,,10004.814814814816
508,0,25400,AMETHYSTS,9998,2,9996.0,2.0,9995.0,30.0,10004,2,10005.0,30.0,,,10001.0,0.0,9995.235294117647,
509,0,25400,STARFRUIT,5035,32,,,,,5042,32,,,,,5038.5,0.0,,
510,0,25500,AMETHYSTS,9998,3,9996.0,2.0,9995.0,23.0,10004,2,10005.0,23.0,,,10001.0,0.0,9995.392857142857,
511,0,25500,STARFRUIT,5036,2,5035.0,23.0,,,5040,1,5042.0,25.0,,,5038.0,0.0,,
512,0,25600,AMETHYSTS,9996,1,9995.0,30.0,,,10004,1,10005.0,30.0,,,10000.0,0.0,,
513,0,25600,STARFRUIT,5041,1,5035.0,31.0,,,5042,31,,,,,5041.5,0.0,,
514,0,25700,STARFRUIT,5036,1,5035.0,22.0,,,5041,4,5042.0,1.0,5043.0,22.0,5038.5,0.0,,5042.666666666667
515,0,25700,AMETHYSTS,9996,1,9995.0,22.0,,,10004,1,10005.0,22.0,,,10000.0,0.0,,
516,0,25800,AMETHYSTS,9996,1,9995.0,27.0,,,10004,1,10005.0,27.0,,,10000.0,0.0,,
517,0,25800,STARFRUIT,5041,2,5037.0,28.0,,,5043,1,5044.0,27.0,,,5042.0,0.0,,
518,0,25900,AMETHYSTS,9995,28,,,,,10005,28,,,,,10000.0,0.0,,
519,0,25900,STARFRUIT,5037,28,,,,,5042,3,5044.0,28.0,,,5039.5,0.0,,
520,0,26000,AMETHYSTS,9995,24,,,,,10002,7,10005.0,24.0,,,9998.5,0.0,,
521,0,26000,STARFRUIT,5037,24,,,,,5044,24,,,,,5040.5,0.0,,
522,0,26100,STARFRUIT,5037,25,,,,,5044,25,,,,,5040.5,0.0,,
523,0,26100,AMETHYSTS,9995,25,,,,,10002,7,10005.0,25.0,,,9998.5,0.0,,
524,0,26200,AMETHYSTS,9996,1,9995.0,25.0,,,10004,1,10005.0,25.0,,,10000.0,0.0,,
525,0,26200,STARFRUIT,5037,26,,,,,5043,1,5044.0,25.0,,,5040.0,0.0,,
526,0,26300,AMETHYSTS,9995,24,,,,,10005,24,,,,,10000.0,0.0,,
527,0,26300,STARFRUIT,5038,2,5037.0,24.0,,,5044,24,,,,,5041.0,0.0,,
528,0,26400,AMETHYSTS,10002,3,9995.0,29.0,,,10005,29,,,,,10003.5,0.0,,
529,0,26400,STARFRUIT,5037,29,,,,,5038,1,5044.0,29.0,,,5037.5,0.0,,
530,0,26500,STARFRUIT,5043,1,5039.0,2.0,5038.0,24.0,5044,1,5045.0,23.0,,,5043.5,0.0,5038.259259259259,
531,0,26500,AMETHYSTS,9996,1,9995.0,23.0,,,10002,4,10004.0,1.0,10005.0,23.0,9999.0,0.0,,10004.535714285714
532,0,26600,AMETHYSTS,10002,3,9998.0,1.0,9996.0,1.0,10004,1,10005.0,21.0,,,10003.0,0.0,10000.0,
533,0,26600,STARFRUIT,5037,22,,,,,5044,22,,,,,5040.5,0.0,,
534,0,26700,AMETHYSTS,9995,24,,,,,10000,6,10005.0,24.0,,,9997.5,0.0,,
535,0,26700,STARFRUIT,5037,24,,,,,5040,4,5044.0,24.0,,,5038.5,0.0,,
536,0,26800,AMETHYSTS,9995,24,,,,,10005,24,,,,,10000.0,0.0,,
537,0,26800,STARFRUIT,5037,24,,,,,5044,24,,,,,5040.5,0.0,,
538,0,26900,STARFRUIT,5037,27,,,,,5044,27,,,,,5040.5,0.0,,
539,0,26900,AMETHYSTS,9995,27,,,,,9998,1,10002.0,5.0,10005.0,27.0,9996.5,0.0,,10004.333333333334
540,0,27000,AMETHYSTS,9996,1,9995.0,30.0,,,10002,7,10004.0,1.0,10005.0,30.0,9999.0,0.0,,10004.421052631578
541,0,27000,STARFRUIT,5037,31,,,,,5044,31,,,,,5040.5,0.0,,
542,0,27100,AMETHYSTS,9996,2,9995.0,22.0,,,10002,7,10004.0,2.0,10005.0,22.0,9999.0,0.0,,10004.258064516129
543,0,27100,STARFRUIT,5037,24,,,,,5044,24,,,,,5040.5,0.0,,
544,0,27200,AMETHYSTS,9998,2,9996.0,2.0,9995.0,29.0,10004,2,10005.0,29.0,,,10001.0,0.0,9995.242424242424,
545,0,27200,STARFRUIT,5037,31,,,,,5043,2,5044.0,29.0,,,5040.0,0.0,,
546,0,27300,STARFRUIT,5040,5,5038.0,8.0,5037.0,25.0,5044,27,,,,,5042.0,0.0,5037.605263157895,
547,0,27300,AMETHYSTS,10000,5,9996.0,2.0,9995.0,25.0,10004,2,10005.0,25.0,,,10002.0,0.0,9995.84375,
548,0,27400,AMETHYSTS,9996,1,9995.0,24.0,,,10004,1,10005.0,24.0,,,10000.0,0.0,,
549,0,27400,STARFRUIT,5039,3,5038.0,24.0,,,5040,5,5045.0,25.0,,,5039.5,0.0,,
550,0,27500,AMETHYSTS,9996,2,9995.0,24.0,,,10002,10,10004.0,2.0,10005.0,24.0,9999.0,0.0,,10004.111111111111
551,0,27500,STARFRUIT,5038,26,,,,,5045,26,,,,,5041.5,0.0,,
552,0,27600,AMETHYSTS,9996,1,9995.0,22.0,,,9998,1,10004.0,1.0,10005.0,22.0,9997.0,0.0,,10004.666666666666
553,0,27600,STARFRUIT,5038,23,,,,,5045,23,,,,,5041.5,0.0,,
554,0,27700,STARFRUIT,5042,3,5038.0,26.0,,,5045,26,,,,,5043.5,0.0,,
555,0,27700,AMETHYSTS,9996,2,9995.0,24.0,,,10004,2,10005.0,24.0,,,10000.0,0.0,,
556,0,27800,AMETHYSTS,9995,28,,,,,10005,28,,,,,10000.0,0.0,,
557,0,27800,STARFRUIT,5038,28,,,,,5045,28,,,,,5041.5,0.0,,
558,0,27900,AMETHYSTS,9996,1,9995.0,25.0,,,9998,4,10004.0,1.0,10005.0,25.0,9997.0,0.0,,10004.033333333333
559,0,27900,STARFRUIT,5039,7,5038.0,26.0,,,5045,26,,,,,5042.0,0.0,,
560,0,28000,AMETHYSTS,9995,24,,,,,10002,9,10005.0,24.0,,,9998.5,0.0,,
561,0,28000,STARFRUIT,5038,24,,,,,5045,24,,,,,5041.5,0.0,,
562,0,28100,STARFRUIT,5039,22,,,,,5040,2,5046.0,22.0,,,5039.5,0.0,,
563,0,28100,AMETHYSTS,9995,22,,,,,10005,22,,,,,10000.0,0.0,,
564,0,28200,AMETHYSTS,9996,1,9995.0,29.0,,,10004,1,10005.0,29.0,,,10000.0,0.0,,
565,0,28200,STARFRUIT,5039,30,,,,,5046,30,,,,,5042.5,0.0,,
566,0,28300,AMETHYSTS,9996,1,9995.0,23.0,,,10002,7,10004.0,1.0,10005.0,23.0,9999.0,0.0,,10004.290322580646
567,0,28300,STARFRUIT,5039,24,,,,,5044,7,5045.0,1.0,5046.0,23.0,5041.5,0.0,,5045.5161290322585
568,0,28400,AMETHYSTS,9995,21,,,,,10002,9,10005.0,21.0,,,9998.5,0.0,,
569,0,28400,STARFRUIT,5039,21,,,,,5046,21,,,,,5042.5,0.0,,
570,0,28500,STARFRUIT,5044,1,5039.0,1.0,5038.0,30.0,5045,31,,,,,5044.5,0.0,5038.21875,
571,0,28500,AMETHYSTS,9996,1,9995.0,30.0,,,10004,1,10005.0,30.0,,,10000.0,0.0,,
572,0,28600,AMETHYSTS,9998,7,9996.0,2.0,9995.0,29.0,10004,2,10005.0,29.0,,,10001.0,0.0,9995.605263157895,
573,0,28600,STARFRUIT,5039,30,,,,,5044,7,5045.0,2.0,5046.0,29.0,5041.5,0.0,,5045.578947368421
574,0,28700,AMETHYSTS,9996,1,9995.0,24.0,,,10004,1,10005.0,24.0,,,10000.0,0.0,,
575,0,28700,STARFRUIT,5040,8,5039.0,25.0,,,5045,1,5046.0,24.0,,,5042.5,0.0,,
576,0,28800,AMETHYSTS,9996,2,9995.0,20.0,,,10004,2,10005.0,20.0,,,10000.0,0.0,,
577,0,28800,STARFRUIT,5039,2,5038.0,20.0,,,5045,2,5046.0,20.0,,,5042.0,0.0,,
578,0,28900,STARFRUIT,5040,3,5039.0,22.0,,,5046,22,,,,,5043.0,0.0,,
579,0,28900,AMETHYSTS,9995,22,,,,,10005,22,,,,,10000.0,0.0,,
580,0,29000,AMETHYSTS,9995,24,,,,,10005,24,,,,,10000.0,0.0,,
581,0,29000,STARFRUIT,5039,24,,,,,5046,24,,,,,5042.5,0.0,,
582,0,29100,AMETHYSTS,9998,9,9996.0,2.0,9995.0,29.0,10004,2,10005.0,29.0,,,10001.0,0.0,9995.725,
583,0,29100,STARFRUIT,5039,31,,,,,5044,6,5045.0,2.0,5046.0,29.0,5041.5,0.0,,5045.621621621622
584,0,29200,AMETHYSTS,9995,20,,,,,10002,3,10005.0,20.0,,,9998.5,0.0,,
585,0,29200,STARFRUIT,5039,20,,,,,5044,2,5046.0,20.0,,,5041.5,0.0,,
586,0,29300,STARFRUIT,5040,24,,,,,5047,25,,,,,5043.5,0.0,,
587,0,29300,AMETHYSTS,9995,25,,,,,10005,25,,,,,10000.0,0.0,,
588,0,29400,AMETHYSTS,9996,1,9995.0,23.0,,,10004,1,10005.0,23.0,,,10000.0,0.0,,
589,0,29400,STARFRUIT,5039,24,,,,,5046,24,,,,,5042.5,0.0,,
590,0,29500,AMETHYSTS,10002,1,9996.0,2.0,9995.0,22.0,10004,2,10005.0,22.0,,,10003.0,0.0,9995.36,
591,0,29500,STARFRUIT,5040,7,5039.0,22.0,,,5046,24,,,,,5043.0,0.0,,
592,0,29600,AMETHYSTS,9995,20,,,,,9998,1,10005.0,20.0,,,9996.5,0.0,,
593,0,29600,STARFRUIT,5039,20,,,,,5046,20,,,,,5042.5,0.0,,
594,0,29700,STARFRUIT,5040,27,,,,,5046,1,5047.0,26.0,,,5043.0,0.0,,
595,0,29700,AMETHYSTS,9996,1,9995.0,26.0,,,10004,1,10005.0,26.0,,,10000.0,0.0,,
596,0,29800,STARFRUIT,5040,1,5039.0,29.0,,,5046,1,5047.0,29.0,,,5043.0,0.0,,
597,0,29800,AMETHYSTS,9998,7,9996.0,1.0,9995.0,29.0,10004,1,10005.0,29.0,,,10001.0,0.0,9995.594594594595,
598,0,29900,AMETHYSTS,9998,8,9996.0,1.0,9995.0,26.0,10000,2,10004.0,1.0,10005.0,26.0,9999.0,0.0,9995.714285714286,10004.620689655172
599,0,29900,STARFRUIT,5040,27,,,,,5043,6,5047.0,27.0,,,5041.5,0.0,,
600,0,30000,STARFRUIT,5046,1,5041.0,1.0,5040.0,20.0,5047,21,,,,,5046.5,0.0,5040.318181818182,
601,0,30000,AMETHYSTS,9996,1,9995.0,20.0,,,10002,7,10004.0,1.0,10005.0,20.0,9999.0,0.0,,10004.214285714286
602,0,30100,STARFRUIT,5040,22,,,,,5045,1,5047.0,22.0,,,5042.5,0.0,,
603,0,30100,AMETHYSTS,9995,22,,,,,10000,5,10005.0,22.0,,,9997.5,0.0,,
604,0,30200,STARFRUIT,5041,24,,,,,5048,24,,,,,5044.5,0.0,,
605,0,30200,AMETHYSTS,9996,2,9995.0,22.0,,,10004,2,10005.0,22.0,,,10000.0,0.0,,
606,0,30300,AMETHYSTS,9996,2,9995.0,28.0,,,10002,7,10004.0,2.0,10005.0,28.0,9999.0,0.0,,10004.378378378378
607,0,30300,STARFRUIT,5041,30,,,,,5046,2,5047.0,2.0,5048.0,28.0,5043.5,0.0,,5047.8125
608,0,30400,STARFRUIT,5040,23,,,,,5047,23,,,,,5043.5,0.0,,
609,0,30400,AMETHYSTS,9996,2,9995.0,21.0,,,10004,2,10005.0,21.0,,,10000.0,0.0,,
610,0,30500,STARFRUIT,5040,1,5039.0,28.0,,,5044,7,5046.0,29.0,,,5042.0,0.0,,
611,0,30500,AMETHYSTS,9996,1,9995.0,28.0,,,10004,1,10005.0,28.0,,,10000.0,0.0,,
612,0,30600,STARFRUIT,5040,30,,,,,5045,8,5047.0,30.0,,,5042.5,0.0,,
613,0,30600,AMETHYSTS,9995,30,,,,,10005,30,,,,,10000.0,0.0,,
614,0,30700,AMETHYSTS,9996,1,9995.0,22.0,,,10004,1,10005.0,22.0,,,10000.0,0.0,,
615,0,30700,STARFRUIT,5039,23,,,,,5040,1,5046.0,23.0,,,5039.5,0.0,,
616,0,30800,STARFRUIT,5039,3,5038.0,29.0,,,5045,29,,,,,5042.0,0.0,,
617,0,30800,AMETHYSTS,9995,29,,,,,10005,29,,,,,10000.0,0.0,,
618,0,30900,STARFRUIT,5039,6,5038.0,23.0,,,5045,23,,,,,5042.0,0.0,,
619,0,30900,AMETHYSTS,9998,2,9995.0,23.0,,,10005,23,,,,,10001.5,0.0,,
620,0,31000,STARFRUIT,5038,20,,,,,5045,20,,,,,5041.5,0.0,,
621,0,31000,AMETHYSTS,9995,20,,,,,10005,20,,,,,10000.0,0.0,,
622,0,31100,AMETHYSTS,9996,1,9995.0,21.0,,,10004,1,10005.0,21.0,,,10000.0,0.0,,
623,0,31100,STARFRUIT,5038,22,,,,,5045,22,,,,,5041.5,0.0,,
624,0,31200,STARFRUIT,5038,1,5037.0,27.0,,,5044,29,,,,,5041.0,0.0,,
625,0,31200,AMETHYSTS,9996,2,9995.0,27.0,,,10004,2,10005.0,27.0,,,10000.0,0.0,,
626,0,31300,STARFRUIT,5038,30,,,,,5043,7,5045.0,30.0,,,5040.5,0.0,,
627,0,31300,AMETHYSTS,9995,30,,,,,10005,30,,,,,10000.0,0.0,,
628,0,31400,STARFRUIT,5039,5,5038.0,32.0,,,5045,32,,,,,5042.0,0.0,,
629,0,31400,AMETHYSTS,9996,2,9995.0,30.0,,,10004,2,10005.0,30.0,,,10000.0,0.0,,
630,0,31500,AMETHYSTS,9995,23,,,,,10005,23,,,,,10000.0,0.0,,
631,0,31500,STARFRUIT,5038,22,,,,,5043,1,5045.0,23.0,,,5040.5,0.0,,
632,0,31600,STARFRUIT,5039,32,,,,,5046,32,,,,,5042.5,0.0,,
633,0,31600,AMETHYSTS,9998,2,9996.0,2.0,9995.0,30.0,10004,2,10005.0,30.0,,,10001.0,0.0,9995.235294117647,
634,0,31700,STARFRUIT,5038,29,,,,,5045,29,,,,,5041.5,0.0,,
635,0,31700,AMETHYSTS,9995,29,,,,,9998,4,10002.0,2.0,10005.0,29.0,9996.5,0.0,,10004.028571428571
636,0,31800,STARFRUIT,5038,21,,,,,5045,21,,,,,5041.5,0.0,,
637,0,31800,AMETHYSTS,9995,21,,,,,10005,21,,,,,10000.0,0.0,,
638,0,31900,AMETHYSTS,9998,9,9996.0,2.0,9995.0,27.0,10004,2,10005.0,27.0,,,10001.0,0.0,9995.763157894737,
639,0,31900,STARFRUIT,5038,29,,,,,5045,29,,,,,5041.5,0.0,,
640,0,32000,STARFRUIT,5038,30,,,,,5041,4,5043.0,8.0,5045.0,30.0,5039.5,0.0,,5044.238095238095
641,0,32000,AMETHYSTS,9996,1,9995.0,29.0,,,10000,3,10004.0,1.0,10005.0,29.0,9998.0,0.0,,10004.515151515152
642,0,32100,AMETHYSTS,9996,1,9995.0,30.0,,,10004,1,10005.0,30.0,,,10000.0,0.0,,
643,0,32100,STARFRUIT,5038,1,5037.0,30.0,,,5042,6,5044.0,31.0,,,5040.0,0.0,,
644,0,32200,AMETHYSTS,9996,1,9995.0,25.0,,,10002,7,10004.0,1.0,10005.0,25.0,9999.0,0.0,,10004.333333333334
645,0,32200,STARFRUIT,5043,1,5037.0,26.0,,,5044,26,,,,,5043.5,0.0,,
646,0,32300,AMETHYSTS,9996,1,9995.0,25.0,,,10002,6,10004.0,1.0,10005.0,25.0,9999.0,0.0,,10004.40625
647,0,32300,STARFRUIT,5038,1,5037.0,25.0,,,5044,26,,,,,5041.0,0.0,,
648,0,32400,STARFRUIT,5037,29,,,,,5038,1,5044.0,29.0,,,5037.5,0.0,,
649,0,32400,AMETHYSTS,9996,2,9995.0,27.0,,,10002,1,10004.0,2.0,10005.0,27.0,9999.0,0.0,,10004.833333333334
650,0,32500,AMETHYSTS,9996,2,9995.0,23.0,,,10004,2,10005.0,23.0,,,10000.0,0.0,,
651,0,32500,STARFRUIT,5042,1,5037.0,25.0,,,5043,2,5044.0,23.0,,,5042.5,0.0,,
652,0,32600,AMETHYSTS,9995,30,,,,,10005,30,,,,,10000.0,0.0,,
653,0,32600,STARFRUIT,5037,30,,,,,5042,8,5044.0,30.0,,,5039.5,0.0,,
654,0,32700,AMETHYSTS,10002,1,9996.0,1.0,9995.0,26.0,10004,1,10005.0,26.0,,,10003.0,0.0,9995.285714285714,
655,0,32700,STARFRUIT,5038,27,,,,,5044,1,5045.0,26.0,,,5041.0,0.0,,
656,0,32800,STARFRUIT,5038,23,,,,,5039,5,5043.0,3.0,5045.0,23.0,5038.5,0.0,,5043.8387096774195
657,0,32800,AMETHYSTS,9995,23,,,,,10005,23,,,,,10000.0,0.0,,
658,0,32900,AMETHYSTS,9996,1,9995.0,23.0,,,10002,1,10004.0,1.0,10005.0,23.0,9999.0,0.0,,10004.84
659,0,32900,STARFRUIT,5038,1,5037.0,23.0,,,5042,6,5044.0,24.0,,,5040.0,0.0,,
660,0,33000,AMETHYSTS,10002,1,9996.0,1.0,9995.0,27.0,10004,1,10005.0,27.0,,,10003.0,0.0,9995.275862068966,
661,0,33000,STARFRUIT,5038,1,5037.0,27.0,,,5042,6,5044.0,28.0,,,5040.0,0.0,,
662,0,33100,AMETHYSTS,9995,24,,,,,10005,24,,,,,10000.0,0.0,,
663,0,33100,STARFRUIT,5037,24,,,,,5042,2,5044.0,24.0,,,5039.5,0.0,,
664,0,33200,STARFRUIT,5039,6,5038.0,25.0,,,5045,25,,,,,5042.0,0.0,,
665,0,33200,AMETHYSTS,9995,25,,,,,10002,9,10005.0,25.0,,,9998.5,0.0,,
666,0,33300,AMETHYSTS,9996,2,9995.0,24.0,,,10002,7,10004.0,2.0,10005.0,24.0,9999.0,0.0,,10004.30303030303
667,0,33300,STARFRUIT,5038,26,,,,,5045,26,,,,,5041.5,0.0,,
668,0,33400,AMETHYSTS,9995,27,,,,,10005,27,,,,,10000.0,0.0,,
669,0,33400,STARFRUIT,5037,27,,,,,5042,6,5044.0,27.0,,,5039.5,0.0,,
670,0,33500,AMETHYSTS,9998,10,9995.0,25.0,,,10005,25,,,,,10001.5,0.0,,
671,0,33500,STARFRUIT,5037,25,,,,,5042,8,5044.0,25.0,,,5039.5,0.0,,
672,0,33600,STARFRUIT,5037,26,,,,,5044,27,,,,,5040.5,0.0,,
673,0,33600,AMETHYSTS,9995,27,,,,,10005,27,,,,,10000.0,0.0,,
674,0,33700,AMETHYSTS,9998,7,9996.0,1.0,9995.0,22.0,10004,1,10005.0,22.0,,,10001.0,0.0,9995.733333333334,
675,0,33700,STARFRUIT,5037,6,5036.0,22.0,,,5043,23,,,,,5040.0,0.0,,
676,0,33800,AMETHYSTS,10002,1,9995.0,26.0,,,10005,26,,,,,10003.5,0.0,,
677,0,33800,STARFRUIT,5036,26,,,,,5043,26,,,,,5039.5,0.0,,
678,0,33900,AMETHYSTS,9995,24,,,,,10005,24,,,,,10000.0,0.0,,
679,0,33900,STARFRUIT,5036,8,5035.0,24.0,,,5042,24,,,,,5039.0,0.0,,
680,0,34000,STARFRUIT,5036,7,5035.0,24.0,,,5042,25,,,,,5039.0,0.0,,
681,0,34000,AMETHYSTS,10002,1,9996.0,1.0,9995.0,24.0,10004,1,10005.0,24.0,,,10003.0,0.0,9995.307692307691,
682,0,34100,AMETHYSTS,9996,1,9995.0,26.0,,,10004,1,10005.0,26.0,,,10000.0,0.0,,
683,0,34100,STARFRUIT,5036,1,5035.0,26.0,,,5042,27,,,,,5039.0,0.0,,
684,0,34200,AMETHYSTS,9996,1,9995.0,26.0,,,10004,1,10005.0,26.0,,,10000.0,0.0,,
685,0,34200,STARFRUIT,5037,1,5036.0,27.0,,,5043,27,,,,,5040.0,0.0,,
686,0,34300,STARFRUIT,5036,21,,,,,5043,22,,,,,5039.5,0.0,,
687,0,34300,AMETHYSTS,9996,2,9995.0,20.0,,,10004,2,10005.0,20.0,,,10000.0,0.0,,
688,0,34400,AMETHYSTS,9996,2,9995.0,23.0,,,10004,2,10005.0,23.0,,,10000.0,0.0,,
689,0,34400,STARFRUIT,5036,25,,,,,5037,1,5043.0,25.0,,,5036.5,0.0,,
690,0,34500,AMETHYSTS,9995,25,,,,,10002,2,10005.0,25.0,,,9998.5,0.0,,
691,0,34500,STARFRUIT,5037,25,,,,,5042,6,5044.0,25.0,,,5039.5,0.0,,
692,0,34600,AMETHYSTS,9995,22,,,,,10005,22,,,,,10000.0,0.0,,
693,0,34600,STARFRUIT,5037,22,,,,,5042,2,5044.0,22.0,,,5039.5,0.0,,
694,0,34700,STARFRUIT,5036,29,,,,,5043,29,,,,,5039.5,0.0,,
695,0,34700,AMETHYSTS,9995,29,,,,,9998,5,10005.0,29.0,,,9996.5,0.0,,
696,0,34800,AMETHYSTS,10002,1,10000.0,2.0,9995.0,24.0,10005,24,,,,,10003.5,0.0,9995.62962962963,
697,0,34800,STARFRUIT,5039,2,5036.0,24.0,,,5043,24,,,,,5041.0,0.0,,
698,0,34900,AMETHYSTS,9996,2,9995.0,22.0,,,10004,2,10005.0,22.0,,,10000.0,0.0,,
699,0,34900,STARFRUIT,5037,23,,,,,5044,24,,,,,5040.5,0.0,,
700,0,35000,AMETHYSTS,9996,2,9995.0,20.0,,,10002,10,10004.0,2.0,10005.0,20.0,9999.0,0.0,,10004.0
701,0,35000,STARFRUIT,5038,3,5037.0,22.0,,,5044,22,,,,,5041.0,0.0,,
702,0,35100,STARFRUIT,5038,1,5037.0,26.0,,,5044,26,,,,,5041.0,0.0,,
703,0,35100,AMETHYSTS,9996,1,9995.0,25.0,,,10004,1,10005.0,25.0,,,10000.0,0.0,,
704,0,35200,AMETHYSTS,9995,24,,,,,10005,24,,,,,10000.0,0.0,,
705,0,35200,STARFRUIT,5037,23,,,,,5042,5,5044.0,24.0,,,5039.5,0.0,,
706,0,35300,AMETHYSTS,9998,9,9995.0,24.0,,,10005,24,,,,,10001.5,0.0,,
707,0,35300,STARFRUIT,5037,24,,,,,5044,24,,,,,5040.5,0.0,,
708,0,35400,AMETHYSTS,9995,22,,,,,10005,22,,,,,10000.0,0.0,,
709,0,35400,STARFRUIT,5037,22,,,,,5042,7,5044.0,22.0,,,5039.5,0.0,,
710,0,35500,STARFRUIT,5037,24,,,,,5044,25,,,,,5040.5,0.0,,
711,0,35500,AMETHYSTS,10002,5,9995.0,25.0,,,10005,25,,,,,10003.5,0.0,,
712,0,35600,AMETHYSTS,9998,10,9996.0,1.0,9995.0,26.0,10004,1,10005.0,26.0,,,10001.0,0.0,9995.837837837838,
713,0,35600,STARFRUIT,5037,26,,,,,5044,27,,,,,5040.5,0.0,,
714,0,35700,AMETHYSTS,10002,1,9996.0,1.0,9995.0,26.0,10004,1,10005.0,26.0,,,10003.0,0.0,9995.285714285714,
715,0,35700,STARFRUIT,5037,27,,,,,5044,27,,,,,5040.5,0.0,,
716,0,35800,AMETHYSTS,9996,2,9995.0,28.0,,,10004,2,10005.0,28.0,,,10000.0,0.0,,
717,0,35800,STARFRUIT,5037,2,5036.0,28.0,,,5043,2,5044.0,28.0,,,5040.0,0.0,,
718,0,35900,STARFRUIT,5036,30,,,,,5041,6,5043.0,30.0,,,5038.5,0.0,,
719,0,35900,AMETHYSTS,9996,1,9995.0,29.0,,,10002,3,10004.0,1.0,10005.0,29.0,9999.0,0.0,,10004.69696969697
720,0,36000,AMETHYSTS,9995,28,,,,,9998,1,10005.0,28.0,,,9996.5,0.0,,
721,0,36000,STARFRUIT,5036,28,,,,,5043,28,,,,,5039.5,0.0,,
722,0,36100,AMETHYSTS,9995,26,,,,,9998,4,10005.0,26.0,,,9996.5,0.0,,
723,0,36100,STARFRUIT,5036,26,,,,,5043,26,,,,,5039.5,0.0,,
724,0,36200,AMETHYSTS,9996,1,9995.0,29.0,,,10002,3,10004.0,1.0,10005.0,29.0,9999.0,0.0,,10004.69696969697
725,0,36200,STARFRUIT,5036,2,5035.0,29.0,,,5042,30,,,,,5039.0,0.0,,
726,0,36300,STARFRUIT,5035,22,,,,,5036,1,5042.0,22.0,,,5035.5,0.0,,
727,0,36300,AMETHYSTS,9995,22,,,,,9998,1,10005.0,22.0,,,9996.5,0.0,,
728,0,36400,AMETHYSTS,9996,1,9995.0,27.0,,,10002,5,10004.0,1.0,10005.0,27.0,9999.0,0.0,,10004.515151515152
729,0,36400,STARFRUIT,5036,1,5035.0,27.0,,,5040,1,5042.0,28.0,,,5038.0,0.0,,
730,0,36500,AMETHYSTS,9996,1,9995.0,26.0,,,10002,10,10004.0,1.0,10005.0,26.0,9999.0,0.0,,10004.162162162162
731,0,36500,STARFRUIT,5035,27,,,,,5042,27,,,,,5038.5,0.0,,
732,0,36600,AMETHYSTS,10002,4,9998.0,1.0,9995.0,21.0,10005,21,,,,,10003.5,0.0,9996.192307692309,
733,0,36600,STARFRUIT,5035,21,,,,,5042,21,,,,,5038.5,0.0,,
734,0,36700,STARFRUIT,5035,29,,,,,5042,30,,,,,5038.5,0.0,,
735,0,36700,AMETHYSTS,10002,1,9995.0,30.0,,,10005,30,,,,,10003.5,0.0,,
736,0,36800,AMETHYSTS,10002,1,9996.0,1.0,9995.0,26.0,10004,1,10005.0,26.0,,,10003.0,0.0,9995.285714285714,
737,0,36800,STARFRUIT,5040,3,5035.0,27.0,,,5042,27,,,,,5041.0,0.0,,
738,0,36900,AMETHYSTS,9996,2,9995.0,29.0,,,10002,3,10004.0,2.0,10005.0,29.0,9999.0,0.0,,10004.676470588236
739,0,36900,STARFRUIT,5035,31,,,,,5042,31,,,,,5038.5,0.0,,
740,0,37000,AMETHYSTS,9998,4,9995.0,23.0,,,10005,23,,,,,10001.5,0.0,,
741,0,37000,STARFRUIT,5036,3,5035.0,23.0,,,5042,23,,,,,5039.0,0.0,,
742,0,37100,STARFRUIT,5041,1,5036.0,24.0,,,5042,1,5043.0,23.0,,,5041.5,0.0,,
743,0,37100,AMETHYSTS,9996,1,9995.0,23.0,,,10004,1,10005.0,23.0,,,10000.0,0.0,,
744,0,37200,AMETHYSTS,9998,2,9995.0,22.0,,,10005,22,,,,,10001.5,0.0,,
745,0,37200,STARFRUIT,5036,22,,,,,5043,22,,,,,5039.5,0.0,,
746,0,37300,AMETHYSTS,10002,5,9995.0,27.0,,,10005,27,,,,,10003.5,0.0,,
747,0,37300,STARFRUIT,5037,27,,,,,5044,27,,,,,5040.5,0.0,,
748,0,37400,AMETHYSTS,9996,1,9995.0,22.0,,,10004,1,10005.0,22.0,,,10000.0,0.0,,
749,0,37400,STARFRUIT,5038,1,5037.0,22.0,,,5044,23,,,,,5041.0,0.0,,
750,0,37500,STARFRUIT,5043,1,5038.0,8.0,5037.0,29.0,5044,29,,,,,5043.5,0.0,5037.368421052632,
751,0,37500,AMETHYSTS,10002,1,9998.0,2.0,9995.0,29.0,10005,29,,,,,10003.5,0.0,9995.40625,
752,0,37600,AMETHYSTS,9996,2,9995.0,24.0,,,10004,2,10005.0,24.0,,,10000.0,0.0,,
753,0,37600,STARFRUIT,5037,26,,,,,5044,26,,,,,5040.5,0.0,,
754,0,37700,AMETHYSTS,9996,1,9995.0,28.0,,,10004,1,10005.0,28.0,,,10000.0,0.0,,
755,0,37700,STARFRUIT,5042,1,5037.0,29.0,,,5043,1,5044.0,28.0,,,5042.5,0.0,,
756,0,37800,AMETHYSTS,9996,2,9995.0,27.0,,,10004,2,10005.0,27.0,,,10000.0,0.0,,
757,0,37800,STARFRUIT,5038,6,5037.0,29.0,,,5043,2,5044.0,27.0,,,5040.5,0.0,,
758,0,37900,STARFRUIT,5038,29,,,,,5039,9,5041.0,3.0,5044.0,2.0,5038.5,0.0,,5040.142857142857
759,0,37900,AMETHYSTS,9996,2,9995.0,27.0,,,10000,3,10004.0,2.0,10005.0,27.0,9998.0,0.0,,10004.46875
760,0,38000,AMETHYSTS,9995,25,,,,,10002,5,10005.0,25.0,,,9998.5,0.0,,
761,0,38000,STARFRUIT,5039,4,5038.0,25.0,,,5045,25,,,,,5042.0,0.0,,
762,0,38100,AMETHYSTS,9995,28,,,,,10005,28,,,,,10000.0,0.0,,
763,0,38100,STARFRUIT,5038,27,,,,,5045,28,,,,,5041.5,0.0,,
764,0,38200,AMETHYSTS,9995,23,,,,,9998,2,10005.0,23.0,,,9996.5,0.0,,
765,0,38200,STARFRUIT,5038,23,,,,,5045,23,,,,,5041.5,0.0,,
766,0,38300,STARFRUIT,5039,27,,,,,5046,27,,,,,5042.5,0.0,,
767,0,38300,AMETHYSTS,9996,1,9995.0,26.0,,,10004,1,10005.0,26.0,,,10000.0,0.0,,
768,0,38400,AMETHYSTS,10002,1,9995.0,21.0,,,10005,21,,,,,10003.5,0.0,,
769,0,38400,STARFRUIT,5039,20,,,,,5046,21,,,,,5042.5,0.0,,
770,0,38500,AMETHYSTS,10002,1,9996.0,2.0,9995.0,23.0,10004,2,10005.0,23.0,,,10003.0,0.0,9995.346153846154,
771,0,38500,STARFRUIT,5044,1,5039.0,4.0,5038.0,25.0,5045,25,,,,,5044.5,0.0,5038.333333333333,
772,0,38600,STARFRUIT,5038,27,,,,,5045,27,,,,,5041.5,0.0,,
773,0,38600,AMETHYSTS,10002,5,9995.0,27.0,,,10005,27,,,,,10003.5,0.0,,
774,0,38700,STARFRUIT,5042,4,5038.0,1.0,5037.0,29.0,5044,30,,,,,5043.0,0.0,5037.617647058823,
775,0,38700,AMETHYSTS,9996,1,9995.0,29.0,,,10004,1,10005.0,29.0,,,10000.0,0.0,,
776,0,38800,STARFRUIT,5042,4,5038.0,27.0,,,5045,27,,,,,5043.5,0.0,,
777,0,38800,AMETHYSTS,9995,27,,,,,10005,27,,,,,10000.0,0.0,,
778,0,38900,AMETHYSTS,9996,1,9995.0,25.0,,,10004,1,10005.0,25.0,,,10000.0,0.0,,
779,0,38900,STARFRUIT,5038,26,,,,,5043,7,5045.0,26.0,,,5040.5,0.0,,
780,0,39000,STARFRUIT,5038,29,,,,,5046,29,,,,,5042.0,0.0,,
781,0,39000,AMETHYSTS,9995,29,,,,,10005,29,,,,,10000.0,0.0,,
782,0,39100,STARFRUIT,5038,30,,,,,5043,6,5045.0,30.0,,,5040.5,0.0,,
783,0,39100,AMETHYSTS,9996,1,9995.0,29.0,,,10002,10,10004.0,1.0,10005.0,29.0,9999.0,0.0,,10004.225
784,0,39200,STARFRUIT,5044,1,5038.0,24.0,,,5045,24,,,,,5044.5,0.0,,
785,0,39200,AMETHYSTS,9995,24,,,,,10005,24,,,,,10000.0,0.0,,
786,0,39300,AMETHYSTS,9998,3,9996.0,1.0,9995.0,26.0,10004,1,10005.0,26.0,,,10001.0,0.0,9995.333333333334,
787,0,39300,STARFRUIT,5038,27,,,,,5045,27,,,,,5041.5,0.0,,
788,0,39400,STARFRUIT,5038,29,,,,,5044,2,5045.0,27.0,,,5041.0,0.0,,
789,0,39400,AMETHYSTS,9996,2,9995.0,27.0,,,10004,2,10005.0,27.0,,,10000.0,0.0,,
790,0,39500,STARFRUIT,5038,22,,,,,5045,22,,,,,5041.5,0.0,,
791,0,39500,AMETHYSTS,9996,2,9995.0,20.0,,,10004,2,10005.0,20.0,,,10000.0,0.0,,
792,0,39600,STARFRUIT,5038,22,,,,,5045,22,,,,,5041.5,0.0,,
793,0,39600,AMETHYSTS,9995,22,,,,,10005,22,,,,,10000.0,0.0,,
794,0,39700,AMETHYSTS,9995,20,,,,,10005,20,,,,,10000.0,0.0,,
795,0,39700,STARFRUIT,5038,20,,,,,5045,20,,,,,5041.5,0.0,,
796,0,39800,STARFRUIT,5038,31,,,,,5044,1,5045.0,30.0,,,5041.0,0.0,,
797,0,39800,AMETHYSTS,9996,1,9995.0,30.0,,,10002,3,10004.0,1.0,10005.0,30.0,9999.0,0.0,,10004.70588235294
798,0,39900,STARFRUIT,5038,32,,,,,5045,32,,,,,5041.5,0.0,,
799,0,39900,AMETHYSTS,9998,1,9996.0,2.0,9995.0,30.0,10004,2,10005.0,30.0,,,10001.0,0.0,9995.151515151516,
800,0,40000,STARFRUIT,5037,31,,,,,5044,31,,,,,5040.5,0.0,,
801,0,40000,AMETHYSTS,9998,9,9996.0,1.0,9995.0,30.0,10004,1,10005.0,30.0,,,10001.0,0.0,9995.7,
802,0,40100,AMETHYSTS,10002,1,9995.0,27.0,,,10005,27,,,,,10003.5,0.0,,
803,0,40100,STARFRUIT,5037,27,,,,,5044,27,,,,,5040.5,0.0,,
804,0,40200,STARFRUIT,5037,23,,,,,5044,23,,,,,5040.5,0.0,,
805,0,40200,AMETHYSTS,9996,1,9995.0,22.0,,,10002,7,10004.0,1.0,10005.0,22.0,9999.0,0.0,,10004.266666666666
806,0,40300,STARFRUIT,5037,3,5036.0,24.0,,,5039,4,5043.0,25.0,,,5038.0,0.0,,
807,0,40300,AMETHYSTS,9996,1,9995.0,24.0,,,10000,4,10004.0,1.0,10005.0,24.0,9998.0,0.0,,10004.275862068966
808,0,40400,STARFRUIT,5037,21,,,,,5043,1,5044.0,20.0,,,5040.0,0.0,,
809,0,40400,AMETHYSTS,9996,1,9995.0,20.0,,,10002,10,10004.0,1.0,10005.0,20.0,9999.0,0.0,,10004.0
810,0,40500,AMETHYSTS,9995,24,,,,,10005,24,,,,,10000.0,0.0,,
811,0,40500,STARFRUIT,5037,24,,,,,5044,24,,,,,5040.5,0.0,,
812,0,40600,STARFRUIT,5038,2,5037.0,24.0,,,5044,2,5045.0,24.0,,,5041.0,0.0,,
813,0,40600,AMETHYSTS,9996,2,9995.0,24.0,,,9998,7,10004.0,2.0,10005.0,24.0,9997.0,0.0,,10003.454545454546
814,0,40700,STARFRUIT,5038,26,,,,,5045,26,,,,,5041.5,0.0,,
815,0,40700,AMETHYSTS,9996,2,9995.0,24.0,,,10004,2,10005.0,24.0,,,10000.0,0.0,,
816,0,40800,STARFRUIT,5038,29,,,,,5045,29,,,,,5041.5,0.0,,
817,0,40800,AMETHYSTS,9995,29,,,,,10005,29,,,,,10000.0,0.0,,
818,0,40900,AMETHYSTS,9995,22,,,,,10005,22,,,,,10000.0,0.0,,
819,0,40900,STARFRUIT,5039,22,,,,,5046,22,,,,,5042.5,0.0,,
820,0,41000,STARFRUIT,5039,22,,,,,5046,22,,,,,5042.5,0.0,,
821,0,41000,AMETHYSTS,9998,5,9995.0,22.0,,,10005,22,,,,,10001.5,0.0,,
822,0,41100,AMETHYSTS,9996,1,9995.0,22.0,,,10004,1,10005.0,22.0,,,10000.0,0.0,,
823,0,41100,STARFRUIT,5038,23,,,,,5045,23,,,,,5041.5,0.0,,
824,0,41200,AMETHYSTS,9996,1,9995.0,25.0,,,9998,8,10004.0,1.0,10005.0,25.0,9997.0,0.0,,10003.323529411764
825,0,41200,STARFRUIT,5043,3,5039.0,1.0,5038.0,25.0,5045,1,5046.0,25.0,,,5044.0,0.0,5038.551724137931,
826,0,41300,AMETHYSTS,9996,1,9995.0,20.0,,,10000,6,10002.0,2.0,10004.0,1.0,9998.0,0.0,,10000.888888888889
827,0,41300,STARFRUIT,5038,21,,,,,5041,6,5045.0,21.0,,,5039.5,0.0,,
828,0,41400,STARFRUIT,5039,22,,,,,5046,23,,,,,5042.5,0.0,,
829,0,41400,AMETHYSTS,9995,23,,,,,10005,23,,,,,10000.0,0.0,,
830,0,41500,AMETHYSTS,9998,5,9995.0,30.0,,,10005,30,,,,,10001.5,0.0,,
831,0,41500,STARFRUIT,5038,30,,,,,5040,2,5045.0,30.0,,,5039.0,0.0,,
832,0,41600,AMETHYSTS,9996,1,9995.0,27.0,,,9998,5,10004.0,1.0,10005.0,27.0,9997.0,0.0,,10003.90909090909
833,0,41600,STARFRUIT,5038,28,,,,,5045,28,,,,,5041.5,0.0,,
834,0,41700,AMETHYSTS,9995,20,,,,,10005,20,,,,,10000.0,0.0,,
835,0,41700,STARFRUIT,5038,20,,,,,5045,20,,,,,5041.5,0.0,,
836,0,41800,STARFRUIT,5039,5,5038.0,30.0,,,5044,2,5045.0,28.0,,,5041.5,0.0,,
837,0,41800,AMETHYSTS,9996,2,9995.0,28.0,,,10002,3,10004.0,2.0,10005.0,28.0,9999.0,0.0,,10004.666666666666
838,0,41900,AMETHYSTS,9998,4,9996.0,2.0,9995.0,28.0,10004,2,10005.0,28.0,,,10001.0,0.0,9995.411764705883,
839,0,41900,STARFRUIT,5038,30,,,,,5039,2,5043.0,7.0,5045.0,30.0,5038.5,0.0,,5044.333333333333
840,0,42000,AMETHYSTS,9996,2,9995.0,28.0,,,10004,2,10005.0,28.0,,,10000.0,0.0,,
841,0,42000,STARFRUIT,5038,2,5037.0,28.0,,,5044,30,,,,,5041.0,0.0,,
842,0,42100,AMETHYSTS,9995,24,,,,,10005,24,,,,,10000.0,0.0,,
843,0,42100,STARFRUIT,5038,24,,,,,5043,3,5045.0,24.0,,,5040.5,0.0,,
844,0,42200,STARFRUIT,5039,3,5038.0,26.0,,,5045,26,,,,,5042.0,0.0,,
845,0,42200,AMETHYSTS,9995,26,,,,,10002,4,10005.0,26.0,,,9998.5,0.0,,
846,0,42300,AMETHYSTS,10000,4,9995.0,24.0,,,10005,24,,,,,10002.5,0.0,,
847,0,42300,STARFRUIT,5042,4,5039.0,24.0,,,5044,6,5046.0,24.0,,,5043.0,0.0,,
848,0,42400,AMETHYSTS,9996,1,9995.0,24.0,,,9998,5,10004.0,1.0,10005.0,24.0,9997.0,0.0,,10003.8
849,0,42400,STARFRUIT,5043,7,5038.0,25.0,,,5045,25,,,,,5044.0,0.0,,
850,0,42500,AMETHYSTS,9996,2,9995.0,22.0,,,10004,2,10005.0,22.0,,,10000.0,0.0,,
851,0,42500,STARFRUIT,5038,23,,,,,5043,8,5045.0,24.0,,,5040.5,0.0,,
852,0,42600,STARFRUIT,5038,25,,,,,5043,2,5045.0,25.0,,,5040.5,0.0,,
853,0,42600,AMETHYSTS,9995,25,,,,,10002,10,10005.0,25.0,,,9998.5,0.0,,
854,0,42700,AMETHYSTS,9996,2,9995.0,20.0,,,10004,2,10005.0,20.0,,,10000.0,0.0,,
855,0,42700,STARFRUIT,5038,21,,,,,5044,2,5045.0,20.0,,,5041.0,0.0,,
856,0,42800,AMETHYSTS,9995,23,,,,,10005,23,,,,,10000.0,0.0,,
857,0,42800,STARFRUIT,5038,23,,,,,5045,23,,,,,5041.5,0.0,,
858,0,42900,AMETHYSTS,9995,22,,,,,10005,22,,,,,10000.0,0.0,,
859,0,42900,STARFRUIT,5038,22,,,,,5043,7,5045.0,22.0,,,5040.5,0.0,,
860,0,43000,STARFRUIT,5038,25,,,,,5045,25,,,,,5041.5,0.0,,
861,0,43000,AMETHYSTS,10002,7,9996.0,1.0,9995.0,24.0,10004,1,10005.0,24.0,,,10003.0,0.0,9996.5625,
862,0,43100,AMETHYSTS,9996,2,9995.0,23.0,,,10002,3,10004.0,2.0,10005.0,23.0,9999.0,0.0,,10004.607142857143
863,0,43100,STARFRUIT,5038,25,,,,,5045,25,,,,,5041.5,0.0,,
864,0,43200,AMETHYSTS,9996,1,9995.0,27.0,,,10000,1,10004.0,1.0,10005.0,27.0,9998.0,0.0,,10004.793103448275
865,0,43200,STARFRUIT,5038,28,,,,,5041,2,5045.0,28.0,,,5039.5,0.0,,
866,0,43300,STARFRUIT,5037,20,,,,,5044,20,,,,,5040.5,0.0,,
867,0,43300,AMETHYSTS,9995,20,,,,,10005,20,,,,,10000.0,0.0,,
868,0,43400,AMETHYSTS,9996,2,9995.0,27.0,,,10002,8,10004.0,2.0,10005.0,27.0,9999.0,0.0,,10004.297297297297
869,0,43400,STARFRUIT,5037,28,,,,,5043,2,5044.0,27.0,,,5040.0,0.0,,
870,0,43500,AMETHYSTS,9996,1,9995.0,23.0,,,10002,10,10004.0,1.0,10005.0,23.0,9999.0,0.0,,10004.088235294117
871,0,43500,STARFRUIT,5036,24,,,,,5043,24,,,,,5039.5,0.0,,
872,0,43600,AMETHYSTS,9995,21,,,,,10002,1,10005.0,21.0,,,9998.5,0.0,,
873,0,43600,STARFRUIT,5036,21,,,,,5041,8,5043.0,21.0,,,5038.5,0.0,,
874,0,43700,STARFRUIT,5037,10,5036.0,26.0,,,5043,28,,,,,5040.0,0.0,,
875,0,43700,AMETHYSTS,9996,2,9995.0,26.0,,,10004,2,10005.0,26.0,,,10000.0,0.0,,
876,0,43800,AMETHYSTS,9995,25,,,,,9998,1,10005.0,25.0,,,9996.5,0.0,,
877,0,43800,STARFRUIT,5036,25,,,,,5043,25,,,,,5039.5,0.0,,
878,0,43900,AMETHYSTS,9995,28,,,,,10005,28,,,,,10000.0,0.0,,
879,0,43900,STARFRUIT,5037,6,5036.0,28.0,,,5043,28,,,,,5040.0,0.0,,
880,0,44000,AMETHYSTS,10002,4,9996.0,1.0,9995.0,25.0,10004,1,10005.0,25.0,,,10003.0,0.0,9995.966666666667,
881,0,44000,STARFRUIT,5036,26,,,,,5043,26,,,,,5039.5,0.0,,
882,0,44100,STARFRUIT,5036,29,,,,,5042,2,5043.0,28.0,,,5039.0,0.0,,
883,0,44100,AMETHYSTS,9996,2,9995.0,28.0,,,10004,2,10005.0,28.0,,,10000.0,0.0,,
884,0,44200,AMETHYSTS,9998,4,9996.0,2.0,9995.0,20.0,10004,2,10005.0,20.0,,,10001.0,0.0,9995.538461538461,
885,0,44200,STARFRUIT,5036,22,,,,,5043,22,,,,,5039.5,0.0,,
886,0,44300,AMETHYSTS,9996,1,9995.0,24.0,,,10004,1,10005.0,24.0,,,10000.0,0.0,,
887,0,44300,STARFRUIT,5037,7,5036.0,25.0,,,5042,1,5043.0,24.0,,,5039.5,0.0,,
888,0,44400,AMETHYSTS,9996,1,9995.0,29.0,,,10004,1,10005.0,29.0,,,10000.0,0.0,,
889,0,44400,STARFRUIT,5037,1,5036.0,30.0,,,5043,30,,,,,5040.0,0.0,,
890,0,44500,STARFRUIT,5036,27,,,,,5043,27,,,,,5039.5,0.0,,
891,0,44500,AMETHYSTS,9996,1,9995.0,26.0,,,10004,1,10005.0,26.0,,,10000.0,0.0,,
892,0,44600,AMETHYSTS,9995,23,,,,,10005,23,,,,,10000.0,0.0,,
893,0,44600,STARFRUIT,5037,23,,,,,5044,23,,,,,5040.5,0.0,,
894,0,44700,AMETHYSTS,9996,1,9995.0,23.0,,,10002,9,10004.0,1.0,10005.0,23.0,9999.0,0.0,,10004.151515151516
895,0,44700,STARFRUIT,5038,7,5037.0,24.0,,,5044,24,,,,,5041.0,0.0,,
896,0,44800,AMETHYSTS,9996,2,9995.0,22.0,,,10002,10,10004.0,2.0,10005.0,22.0,9999.0,0.0,,10004.058823529413
897,0,44800,STARFRUIT,5037,24,,,,,5043,2,5044.0,22.0,,,5040.0,0.0,,
898,0,44900,STARFRUIT,5041,9,5036.0,26.0,,,5043,26,,,,,5042.0,0.0,,
899,0,44900,AMETHYSTS,9995,26,,,,,10002,6,10005.0,26.0,,,9998.5,0.0,,
900,0,45000,AMETHYSTS,9996,1,9995.0,26.0,,,10004,1,10005.0,26.0,,,10000.0,0.0,,
901,0,45000,STARFRUIT,5036,27,,,,,5043,27,,,,,5039.5,0.0,,
902,0,45100,AMETHYSTS,9996,2,9995.0,25.0,,,9998,1,10004.0,2.0,10005.0,25.0,9997.0,0.0,,10004.67857142857
903,0,45100,STARFRUIT,5037,2,5036.0,25.0,,,5043,27,,,,,5040.0,0.0,,
904,0,45200,AMETHYSTS,9995,27,,,,,10005,27,,,,,10000.0,0.0,,
905,0,45200,STARFRUIT,5036,27,,,,,5044,27,,,,,5040.0,0.0,,
906,0,45300,STARFRUIT,5037,28,,,,,5044,29,,,,,5040.5,0.0,,
907,0,45300,AMETHYSTS,9996,1,9995.0,28.0,,,9998,1,10004.0,1.0,10005.0,28.0,9997.0,0.0,,10004.733333333334
908,0,45400,AMETHYSTS,9996,1,9995.0,27.0,,,10004,1,10005.0,27.0,,,10000.0,0.0,,
909,0,45400,STARFRUIT,5037,28,,,,,5044,28,,,,,5040.5,0.0,,
910,0,45500,AMETHYSTS,9996,1,9995.0,23.0,,,10004,1,10005.0,23.0,,,10000.0,0.0,,
911,0,45500,STARFRUIT,5036,24,,,,,5043,24,,,,,5039.5,0.0,,
912,0,45600,AMETHYSTS,9996,1,9995.0,24.0,,,10004,1,10005.0,24.0,,,10000.0,0.0,,
913,0,45600,STARFRUIT,5037,1,5036.0,24.0,,,5041,2,5043.0,25.0,,,5039.0,0.0,,
914,0,45700,STARFRUIT,5036,30,,,,,5043,30,,,,,5039.5,0.0,,
915,0,45700,AMETHYSTS,10002,4,9995.0,30.0,,,10005,30,,,,,10003.5,0.0,,
916,0,45800,AMETHYSTS,9996,2,9995.0,24.0,,,10004,2,10005.0,24.0,,,10000.0,0.0,,
917,0,45800,STARFRUIT,5037,26,,,,,5044,26,,,,,5040.5,0.0,,
918,0,45900,AMETHYSTS,9996,1,9995.0,21.0,,,10002,1,10004.0,1.0,10005.0,21.0,9999.0,0.0,,10004.826086956522
919,0,45900,STARFRUIT,5038,1,5037.0,21.0,,,5042,8,5044.0,22.0,,,5040.0,0.0,,
920,0,46000,AMETHYSTS,9996,2,9995.0,25.0,,,9998,5,10004.0,2.0,10005.0,25.0,9997.0,0.0,,10003.84375
921,0,46000,STARFRUIT,5037,27,,,,,5044,27,,,,,5040.5,0.0,,
922,0,46100,STARFRUIT,5038,26,,,,,5044,2,5045.0,25.0,,,5041.0,0.0,,
923,0,46100,AMETHYSTS,9996,2,9995.0,25.0,,,10004,2,10005.0,25.0,,,10000.0,0.0,,
924,0,46200,AMETHYSTS,9995,28,,,,,10005,28,,,,,10000.0,0.0,,
925,0,46200,STARFRUIT,5043,8,5042.0,2.0,5039.0,2.0,5045,28,,,,,5044.0,0.0,5042.166666666667,
926,0,46300,AMETHYSTS,9996,1,9995.0,22.0,,,10004,1,10005.0,22.0,,,10000.0,0.0,,
927,0,46300,STARFRUIT,5039,1,5038.0,22.0,,,5043,4,5045.0,23.0,,,5041.0,0.0,,
928,0,46400,AMETHYSTS,9995,26,,,,,10005,26,,,,,10000.0,0.0,,
929,0,46400,STARFRUIT,5043,10,5038.0,26.0,,,5045,26,,,,,5044.0,0.0,,
930,0,46500,STARFRUIT,5038,24,,,,,5045,25,,,,,5041.5,0.0,,
931,0,46500,AMETHYSTS,9996,2,9995.0,23.0,,,10002,5,10004.0,2.0,10005.0,23.0,9999.0,0.0,,10004.433333333332
932,0,46600,AMETHYSTS,9996,2,9995.0,21.0,,,10002,2,10004.0,2.0,10005.0,21.0,9999.0,0.0,,10004.68
933,0,46600,STARFRUIT,5039,23,,,,,5045,2,5046.0,21.0,,,5042.0,0.0,,
934,0,46700,AMETHYSTS,9996,1,9995.0,22.0,,,10004,1,10005.0,22.0,,,10000.0,0.0,,
935,0,46700,STARFRUIT,5039,3,5038.0,23.0,,,5045,23,,,,,5042.0,0.0,,
936,0,46800,AMETHYSTS,9998,4,9996.0,1.0,9995.0,22.0,10004,1,10005.0,22.0,,,10001.0,0.0,9995.481481481482,
937,0,46800,STARFRUIT,5039,1,5038.0,22.0,,,5040,5,5045.0,23.0,,,5039.5,0.0,,
938,0,46900,STARFRUIT,5044,1,5039.0,28.0,,,5045,2,5046.0,26.0,,,5044.5,0.0,,
939,0,46900,AMETHYSTS,9996,2,9995.0,26.0,,,10004,2,10005.0,26.0,,,10000.0,0.0,,
940,0,47000,AMETHYSTS,9995,20,,,,,10002,8,10005.0,20.0,,,9998.5,0.0,,
941,0,47000,STARFRUIT,5039,20,,,,,5046,20,,,,,5042.5,0.0,,
942,0,47100,AMETHYSTS,9998,5,9995.0,24.0,,,10005,24,,,,,10001.5,0.0,,
943,0,47100,STARFRUIT,5039,23,,,,,5044,7,5046.0,24.0,,,5041.5,0.0,,
944,0,47200,AMETHYSTS,9995,29,,,,,10005,29,,,,,10000.0,0.0,,
945,0,47200,STARFRUIT,5043,4,5039.0,29.0,,,5046,29,,,,,5044.5,0.0,,
946,0,47300,STARFRUIT,5039,24,,,,,5046,24,,,,,5042.5,0.0,,
947,0,47300,AMETHYSTS,9995,24,,,,,10005,24,,,,,10000.0,0.0,,
948,0,47400,AMETHYSTS,9996,2,9995.0,24.0,,,10002,5,10004.0,2.0,10005.0,24.0,9999.0,0.0,,10004.451612903225
949,0,47400,STARFRUIT,5038,26,,,,,5043,2,5045.0,26.0,,,5040.5,0.0,,
950,0,47500,AMETHYSTS,9995,28,,,,,10005,28,,,,,10000.0,0.0,,
951,0,47500,STARFRUIT,5037,28,,,,,5044,28,,,,,5040.5,0.0,,
952,0,47600,STARFRUIT,5037,21,,,,,5044,21,,,,,5040.5,0.0,,
953,0,47600,AMETHYSTS,9995,21,,,,,10005,21,,,,,10000.0,0.0,,
954,0,47700,STARFRUIT,5037,24,,,,,5042,3,5044.0,24.0,,,5039.5,0.0,,
955,0,47700,AMETHYSTS,9996,1,9995.0,23.0,,,9998,1,10004.0,1.0,10005.0,23.0,9997.0,0.0,,10004.68
956,0,47800,STARFRUIT,5038,22,,,,,5045,22,,,,,5041.5,0.0,,
957,0,47800,AMETHYSTS,9995,22,,,,,9998,1,10002.0,8.0,10005.0,22.0,9996.5,0.0,,10004.0
958,0,47900,AMETHYSTS,9998,1,9995.0,21.0,,,10005,21,,,,,10001.5,0.0,,
959,0,47900,STARFRUIT,5037,21,,,,,5044,21,,,,,5040.5,0.0,,
960,0,48000,STARFRUIT,5037,29,,,,,5044,29,,,,,5040.5,0.0,,
961,0,48000,AMETHYSTS,9998,3,9996.0,2.0,9995.0,27.0,10004,2,10005.0,27.0,,,10001.0,0.0,9995.34375,
962,0,48100,STARFRUIT,5037,29,,,,,5044,29,,,,,5040.5,0.0,,
963,0,48100,AMETHYSTS,9995,29,,,,,10005,29,,,,,10000.0,0.0,,
964,0,48200,STARFRUIT,5038,9,5037.0,25.0,,,5044,26,,,,,5041.0,0.0,,
965,0,48200,AMETHYSTS,9996,1,9995.0,25.0,,,10004,1,10005.0,25.0,,,10000.0,0.0,,
966,0,48300,AMETHYSTS,9995,29,,,,,10005,29,,,,,10000.0,0.0,,
967,0,48300,STARFRUIT,5043,1,5037.0,29.0,,,5044,29,,,,,5043.5,0.0,,
968,0,48400,STARFRUIT,5043,1,5037.0,22.0,,,5044,22,,,,,5043.5,0.0,,
969,0,48400,AMETHYSTS,9995,22,,,,,10005,22,,,,,10000.0,0.0,,
970,0,48500,STARFRUIT,5037,25,,,,,5044,25,,,,,5040.5,0.0,,
971,0,48500,AMETHYSTS,9995,25,,,,,10005,25,,,,,10000.0,0.0,,
972,0,48600,STARFRUIT,5037,4,5036.0,20.0,,,5043,2,5044.0,20.0,,,5040.0,0.0,,
973,0,48600,AMETHYSTS,9996,2,9995.0,20.0,,,10002,4,10004.0,2.0,10005.0,20.0,9999.0,0.0,,10004.461538461539
974,0,48700,AMETHYSTS,10002,2,9995.0,21.0,,,10005,21,,,,,10003.5,0.0,,
975,0,48700,STARFRUIT,5036,21,,,,,5043,21,,,,,5039.5,0.0,,
976,0,48800,STARFRUIT,5037,2,5036.0,31.0,,,5043,31,,,,,5040.0,0.0,,
977,0,48800,AMETHYSTS,9998,10,9996.0,2.0,9995.0,29.0,10004,2,10005.0,29.0,,,10001.0,0.0,9995.780487804877,
978,0,48900,STARFRUIT,5036,24,,,,,5043,25,,,,,5039.5,0.0,,
979,0,48900,AMETHYSTS,9998,3,9996.0,1.0,9995.0,24.0,10004,1,10005.0,24.0,,,10001.0,0.0,9995.357142857143,
980,0,49000,STARFRUIT,5035,29,,,,,5042,29,,,,,5038.5,0.0,,
981,0,49000,AMETHYSTS,9995,29,,,,,10005,29,,,,,10000.0,0.0,,
982,0,49100,AMETHYSTS,9998,3,9995.0,26.0,,,10005,26,,,,,10001.5,0.0,,
983,0,49100,STARFRUIT,5035,26,,,,,5042,26,,,,,5038.5,0.0,,
984,0,49200,STARFRUIT,5035,6,5034.0,25.0,,,5041,25,,,,,5038.0,0.0,,
985,0,49200,AMETHYSTS,9996,2,9995.0,23.0,,,10004,2,10005.0,23.0,,,10000.0,0.0,,
986,0,49300,STARFRUIT,5040,1,5035.0,4.0,5034.0,29.0,5041,29,,,,,5040.5,0.0,5034.294117647059,
987,0,49300,AMETHYSTS,9995,29,,,,,10005,29,,,,,10000.0,0.0,,
988,0,49400,STARFRUIT,5040,1,5035.0,22.0,,,5042,22,,,,,5041.0,0.0,,
989,0,49400,AMETHYSTS,9998,5,9996.0,1.0,9995.0,21.0,10004,1,10005.0,21.0,,,10001.0,0.0,9995.592592592593,
990,0,49500,AMETHYSTS,9995,23,,,,,10005,23,,,,,10000.0,0.0,,
991,0,49500,STARFRUIT,5035,23,,,,,5042,23,,,,,5038.5,0.0,,
992,0,49600,STARFRUIT,5035,22,,,,,5040,4,5042.0,22.0,,,5037.5,0.0,,
993,0,49600,AMETHYSTS,9995,22,,,,,10005,22,,,,,10000.0,0.0,,
994,0,49700,STARFRUIT,5036,2,5035.0,22.0,,,5042,24,,,,,5039.0,0.0,,
995,0,49700,AMETHYSTS,9996,2,9995.0,22.0,,,10002,8,10004.0,2.0,10005.0,22.0,9999.0,0.0,,10004.1875
996,0,49800,AMETHYSTS,9996,1,9995.0,21.0,,,9998,1,10004.0,1.0,10005.0,21.0,9997.0,0.0,,10004.652173913044
997,0,49800,STARFRUIT,5036,22,,,,,5043,22,,,,,5039.5,0.0,,
998,0,49900,AMETHYSTS,9996,2,9995.0,20.0,,,10004,2,10005.0,20.0,,,10000.0,0.0,,
999,0,49900,STARFRUIT,5037,22,,,,,5044,22,,,,,5040.5,0.0,,
1000,0,50000,STARFRUIT,5037,30,,,,,5044,30,,,,,5040.5,0.0,,
1001,0,50000,AMETHYSTS,9996,1,9995.0,29.0,,,10004,1,10005.0,29.0,,,10000.0,0.0,,
1002,0,50100,AMETHYSTS,9996,2,9995.0,30.0,,,10004,2,10005.0,30.0,,,10000.0,0.0,,
1003,0,50100,STARFRUIT,5042,10,5037.0,32.0,,,5043,2,5044.0,30.0,,,5042.5,0.0,,
1004,0,50200,AMETHYSTS,9998,1,9996.0,2.0,9995.0,23.0,10004,2,10005.0,23.0,,,10001.0,0.0,9995.192307692309,
1005,0,50200,STARFRUIT,5036,25,,,,,5043,25,,,,,5039.5,0.0,,
1006,0,50300,AMETHYSTS,9996,1,9995.0,25.0,,,10002,5,10004.0,1.0,10005.0,25.0,9999.0,0.0,,10004.483870967742
1007,0,50300,STARFRUIT,5041,2,5037.0,1.0,5036.0,25.0,5043,26,,,,,5042.0,0.0,5036.392857142857,
1008,0,50400,STARFRUIT,5036,30,,,,,5043,30,,,,,5039.5,0.0,,
1009,0,50400,AMETHYSTS,10002,4,9996.0,1.0,9995.0,29.0,10004,1,10005.0,29.0,,,10003.0,0.0,9995.85294117647,
1010,0,50500,AMETHYSTS,10002,4,9996.0,1.0,9995.0,28.0,10004,1,10005.0,28.0,,,10003.0,0.0,9995.878787878788,
1011,0,50500,STARFRUIT,5037,1,5036.0,29.0,,,5043,29,,,,,5040.0,0.0,,
1012,0,50600,AMETHYSTS,9996,1,9995.0,23.0,,,10004,1,10005.0,23.0,,,10000.0,0.0,,
1013,0,50600,STARFRUIT,5041,1,5036.0,24.0,,,5043,24,,,,,5042.0,0.0,,
1014,0,50700,AMETHYSTS,9995,25,,,,,10002,3,10005.0,25.0,,,9998.5,0.0,,
1015,0,50700,STARFRUIT,5036,25,,,,,5043,25,,,,,5039.5,0.0,,
1016,0,50800,STARFRUIT,5037,7,5036.0,24.0,,,5043,24,,,,,5040.0,0.0,,
1017,0,50800,AMETHYSTS,9995,24,,,,,9998,1,10002.0,6.0,10005.0,24.0,9996.5,0.0,,10004.193548387097
1018,0,50900,AMETHYSTS,9996,1,9995.0,26.0,,,10004,1,10005.0,26.0,,,10000.0,0.0,,
1019,0,50900,STARFRUIT,5037,1,5036.0,26.0,,,5041,5,5043.0,27.0,,,5039.0,0.0,,
1020,0,51000,AMETHYSTS,9996,2,9995.0,22.0,,,10004,2,10005.0,22.0,,,10000.0,0.0,,
1021,0,51000,STARFRUIT,5037,24,,,,,5042,4,5043.0,2.0,5044.0,22.0,5039.5,0.0,,5043.642857142857
1022,0,51100,AMETHYSTS,9996,1,9995.0,26.0,,,10004,1,10005.0,26.0,,,10000.0,0.0,,
1023,0,51100,STARFRUIT,5037,27,,,,,5042,1,5044.0,27.0,,,5039.5,0.0,,
1024,0,51200,STARFRUIT,5038,3,5037.0,32.0,,,5044,32,,,,,5041.0,0.0,,
1025,0,51200,AMETHYSTS,9996,2,9995.0,30.0,,,10004,2,10005.0,30.0,,,10000.0,0.0,,
1026,0,51300,AMETHYSTS,9996,2,9995.0,23.0,,,10004,2,10005.0,23.0,,,10000.0,0.0,,
1027,0,51300,STARFRUIT,5038,2,5037.0,23.0,,,5044,25,,,,,5041.0,0.0,,
1028,0,51400,AMETHYSTS,9995,23,,,,,10005,23,,,,,10000.0,0.0,,
1029,0,51400,STARFRUIT,5037,23,,,,,5044,23,,,,,5040.5,0.0,,
1030,0,51500,AMETHYSTS,9996,2,9995.0,20.0,,,10004,2,10005.0,20.0,,,10000.0,0.0,,
1031,0,51500,STARFRUIT,5037,22,,,,,5044,22,,,,,5040.5,0.0,,
1032,0,51600,STARFRUIT,5038,2,5037.0,29.0,,,5042,5,5044.0,31.0,,,5040.0,0.0,,
1033,0,51600,AMETHYSTS,9996,2,9995.0,29.0,,,10004,2,10005.0,29.0,,,10000.0,0.0,,
1034,0,51700,AMETHYSTS,9996,2,9995.0,30.0,,,10002,5,10004.0,2.0,10005.0,30.0,9999.0,0.0,,10004.54054054054
1035,0,51700,STARFRUIT,5038,7,5037.0,30.0,,,5044,32,,,,,5041.0,0.0,,
1036,0,51800,AMETHYSTS,9996,2,9995.0,24.0,,,10004,2,10005.0,24.0,,,10000.0,0.0,,
1037,0,51800,STARFRUIT,5037,26,,,,,5044,26,,,,,5040.5,0.0,,
1038,0,51900,AMETHYSTS,9996,1,9995.0,26.0,,,10002,6,10004.0,1.0,10005.0,26.0,9999.0,0.0,,10004.424242424242
1039,0,51900,STARFRUIT,5037,27,,,,,5042,7,5044.0,27.0,,,5039.5,0.0,,
1040,0,52000,AMETHYSTS,10000,3,9996.0,1.0,9995.0,23.0,10004,1,10005.0,23.0,,,10002.0,0.0,9995.592592592593,
1041,0,52000,STARFRUIT,5037,24,,,,,5038,7,5044.0,24.0,,,5037.5,0.0,,
1042,0,52100,AMETHYSTS,9995,30,,,,,10005,30,,,,,10000.0,0.0,,
1043,0,52100,STARFRUIT,5037,30,,,,,5044,30,,,,,5040.5,0.0,,
1044,0,52200,AMETHYSTS,9995,28,,,,,10002,3,10005.0,28.0,,,9998.5,0.0,,
1045,0,52200,STARFRUIT,5037,28,,,,,5042,2,5044.0,28.0,,,5039.5,0.0,,
1046,0,52300,STARFRUIT,5037,21,,,,,5038,2,5044.0,21.0,,,5037.5,0.0,,
1047,0,52300,AMETHYSTS,9995,21,,,,,10002,3,10005.0,21.0,,,9998.5,0.0,,
1048,0,52400,AMETHYSTS,10000,6,9996.0,2.0,9995.0,22.0,10004,2,10005.0,22.0,,,10002.0,0.0,9996.066666666668,
1049,0,52400,STARFRUIT,5040,6,5037.0,24.0,,,5044,24,,,,,5042.0,0.0,,
1050,0,52500,AMETHYSTS,9996,1,9995.0,30.0,,,10004,1,10005.0,30.0,,,10000.0,0.0,,
1051,0,52500,STARFRUIT,5037,31,,,,,5043,1,5044.0,30.0,,,5040.0,0.0,,
1052,0,52600,AMETHYSTS,9996,1,9995.0,23.0,,,9998,2,10004.0,1.0,10005.0,23.0,9997.0,0.0,,10004.423076923076
1053,0,52600,STARFRUIT,5037,24,,,,,5043,1,5044.0,23.0,,,5040.0,0.0,,
1054,0,52700,STARFRUIT,5037,29,,,,,5044,29,,,,,5040.5,0.0,,
1055,0,52700,AMETHYSTS,9995,29,,,,,9998,1,10005.0,29.0,,,9996.5,0.0,,
1056,0,52800,AMETHYSTS,9995,24,,,,,9998,1,10005.0,24.0,,,9996.5,0.0,,
1057,0,52800,STARFRUIT,5037,24,,,,,5044,24,,,,,5040.5,0.0,,
1058,0,52900,AMETHYSTS,9996,1,9995.0,30.0,,,10004,1,10005.0,30.0,,,10000.0,0.0,,
1059,0,52900,STARFRUIT,5036,31,,,,,5043,31,,,,,5039.5,0.0,,
1060,0,53000,AMETHYSTS,9995,28,,,,,10005,28,,,,,10000.0,0.0,,
1061,0,53000,STARFRUIT,5036,4,5035.0,28.0,,,5042,28,,,,,5039.0,0.0,,
1062,0,53100,STARFRUIT,5036,1,5035.0,30.0,,,5042,1,5043.0,30.0,,,5039.0,0.0,,
1063,0,53100,AMETHYSTS,9996,1,9995.0,30.0,,,10004,1,10005.0,30.0,,,10000.0,0.0,,
1064,0,53200,AMETHYSTS,9996,1,9995.0,30.0,,,9998,1,10004.0,1.0,10005.0,30.0,9997.0,0.0,,10004.75
1065,0,53200,STARFRUIT,5036,31,,,,,5043,31,,,,,5039.5,0.0,,
1066,0,53300,AMETHYSTS,9996,1,9995.0,23.0,,,10004,1,10005.0,23.0,,,10000.0,0.0,,
1067,0,53300,STARFRUIT,5036,24,,,,,5041,7,5042.0,1.0,5043.0,23.0,5038.5,0.0,,5042.5161290322585
1068,0,53400,AMETHYSTS,9995,23,,,,,10005,23,,,,,10000.0,0.0,,
1069,0,53400,STARFRUIT,5037,22,,,,,5044,23,,,,,5040.5,0.0,,
1070,0,53500,STARFRUIT,5037,26,,,,,5042,1,5044.0,26.0,,,5039.5,0.0,,
1071,0,53500,AMETHYSTS,9996,1,9995.0,25.0,,,10002,8,10004.0,1.0,10005.0,25.0,9999.0,0.0,,10004.264705882353
1072,0,53600,AMETHYSTS,9998,2,9995.0,23.0,,,10005,23,,,,,10001.5,0.0,,
1073,0,53600,STARFRUIT,5038,3,5037.0,23.0,,,5044,23,,,,,5041.0,0.0,,
1074,0,53700,AMETHYSTS,9996,2,9995.0,25.0,,,10002,10,10004.0,2.0,10005.0,25.0,9999.0,0.0,,10004.135135135135
1075,0,53700,STARFRUIT,5037,27,,,,,5044,27,,,,,5040.5,0.0,,
1076,0,53800,AMETHYSTS,9996,2,9995.0,23.0,,,9998,13,10002.0,6.0,10004.0,2.0,9997.0,0.0,,9999.714285714286
1077,0,53800,STARFRUIT,5037,25,,,,,5038,4,5044.0,25.0,,,5037.5,0.0,,
1078,0,53900,STARFRUIT,5037,28,,,,,5042,7,5044.0,28.0,,,5039.5,0.0,,
1079,0,53900,AMETHYSTS,9995,28,,,,,10005,28,,,,,10000.0,0.0,,
1080,0,54000,AMETHYSTS,9996,1,9995.0,21.0,,,10004,1,10005.0,21.0,,,10000.0,0.0,,
1081,0,54000,STARFRUIT,5038,2,5037.0,22.0,,,5044,22,,,,,5041.0,0.0,,
1082,0,54100,AMETHYSTS,9995,23,,,,,10005,23,,,,,10000.0,0.0,,
1083,0,54100,STARFRUIT,5038,4,5037.0,23.0,,,5044,23,,,,,5041.0,0.0,,
1084,0,54200,AMETHYSTS,9996,1,9995.0,20.0,,,10004,1,10005.0,20.0,,,10000.0,0.0,,
1085,0,54200,STARFRUIT,5037,21,,,,,5043,1,5044.0,20.0,,,5040.0,0.0,,
1086,0,54300,STARFRUIT,5037,25,,,,,5044,25,,,,,5040.5,0.0,,
1087,0,54300,AMETHYSTS,9998,1,9995.0,25.0,,,10005,25,,,,,10001.5,0.0,,
1088,0,54400,AMETHYSTS,9996,2,9995.0,22.0,,,10004,2,10005.0,22.0,,,10000.0,0.0,,
1089,0,54400,STARFRUIT,5038,1,5037.0,22.0,,,5044,24,,,,,5041.0,0.0,,
1090,0,54500,AMETHYSTS,9995,29,,,,,10002,9,10005.0,29.0,,,9998.5,0.0,,
1091,0,54500,STARFRUIT,5038,28,,,,,5045,29,,,,,5041.5,0.0,,
1092,0,54600,AMETHYSTS,9998,4,9996.0,2.0,9995.0,26.0,10004,2,10005.0,26.0,,,10001.0,0.0,9995.4375,
1093,0,54600,STARFRUIT,5038,28,,,,,5045,28,,,,,5041.5,0.0,,
1094,0,54700,STARFRUIT,5037,21,,,,,5045,21,,,,,5041.0,0.0,,
1095,0,54700,AMETHYSTS,9998,2,9995.0,21.0,,,10005,21,,,,,10001.5,0.0,,
1096,0,54800,AMETHYSTS,9996,1,9995.0,23.0,,,10004,1,10005.0,23.0,,,10000.0,0.0,,
1097,0,54800,STARFRUIT,5039,1,5038.0,23.0,,,5043,6,5045.0,24.0,,,5041.0,0.0,,
1098,0,54900,AMETHYSTS,9996,1,9995.0,28.0,,,10004,1,10005.0,28.0,,,10000.0,0.0,,
1099,0,54900,STARFRUIT,5038,29,,,,,5043,3,5045.0,29.0,,,5040.5,0.0,,
1100,0,55000,AMETHYSTS,9995,27,,,,,9998,5,10005.0,27.0,,,9996.5,0.0,,
1101,0,55000,STARFRUIT,5039,4,5038.0,27.0,,,5040,3,5045.0,27.0,,,5039.5,0.0,,
1102,0,55100,STARFRUIT,5039,31,,,,,5045,2,5046.0,29.0,,,5042.0,0.0,,
1103,0,55100,AMETHYSTS,10002,9,9996.0,2.0,9995.0,29.0,10004,2,10005.0,29.0,,,10003.0,0.0,9996.625,
1104,0,55200,AMETHYSTS,9995,25,,,,,10005,25,,,,,10000.0,0.0,,
1105,0,55200,STARFRUIT,5038,25,,,,,5045,25,,,,,5041.5,0.0,,
1106,0,55300,AMETHYSTS,9996,1,9995.0,24.0,,,10002,7,10004.0,1.0,10005.0,24.0,9999.0,0.0,,10004.3125
1107,0,55300,STARFRUIT,5039,25,,,,,5045,1,5046.0,24.0,,,5042.0,0.0,,
1108,0,55400,AMETHYSTS,9996,1,9995.0,22.0,,,10004,1,10005.0,22.0,,,10000.0,0.0,,
1109,0,55400,STARFRUIT,5039,1,5038.0,22.0,,,5045,23,,,,,5042.0,0.0,,
1110,0,55500,STARFRUIT,5038,26,,,,,5045,26,,,,,5041.5,0.0,,
1111,0,55500,AMETHYSTS,9995,26,,,,,10005,26,,,,,10000.0,0.0,,
1112,0,55600,AMETHYSTS,9998,7,9996.0,1.0,9995.0,27.0,10004,1,10005.0,27.0,,,10001.0,0.0,9995.628571428571,
1113,0,55600,STARFRUIT,5039,1,5038.0,27.0,,,5045,28,,,,,5042.0,0.0,,
1114,0,55700,AMETHYSTS,9995,21,,,,,10002,7,10005.0,21.0,,,9998.5,0.0,,
1115,0,55700,STARFRUIT,5038,21,,,,,5045,21,,,,,5041.5,0.0,,
1116,0,55800,AMETHYSTS,9996,2,9995.0,21.0,,,10004,2,10005.0,21.0,,,10000.0,0.0,,
1117,0,55800,STARFRUIT,5038,23,,,,,5045,23,,,,,5041.5,0.0,,
1118,0,55900,STARFRUIT,5038,24,,,,,5045,24,,,,,5041.5,0.0,,
1119,0,55900,AMETHYSTS,9995,24,,,,,9998,11,10005.0,24.0,,,9996.5,0.0,,
1120,0,56000,AMETHYSTS,9996,2,9995.0,20.0,,,10004,2,10005.0,20.0,,,10000.0,0.0,,
1121,0,56000,STARFRUIT,5038,22,,,,,5045,22,,,,,5041.5,0.0,,
1122,0,56100,AMETHYSTS,9996,1,9995.0,29.0,,,10004,1,10005.0,29.0,,,10000.0,0.0,,
1123,0,56100,STARFRUIT,5038,30,,,,,5044,1,5045.0,29.0,,,5041.0,0.0,,
1124,0,56200,AMETHYSTS,9996,2,9995.0,26.0,,,10004,2,10005.0,26.0,,,10000.0,0.0,,
1125,0,56200,STARFRUIT,5038,28,,,,,5044,2,5045.0,26.0,,,5041.0,0.0,,
1126,0,56300,STARFRUIT,5038,23,,,,,5043,8,5045.0,23.0,,,5040.5,0.0,,
1127,0,56300,AMETHYSTS,9995,23,,,,,10002,8,10005.0,23.0,,,9998.5,0.0,,
1128,0,56400,STARFRUIT,5038,23,,,,,5045,23,,,,,5041.5,0.0,,
1129,0,56400,AMETHYSTS,9998,6,9995.0,23.0,,,10005,23,,,,,10001.5,0.0,,
1130,0,56500,AMETHYSTS,9995,25,,,,,10005,25,,,,,10000.0,0.0,,
1131,0,56500,STARFRUIT,5039,8,5038.0,25.0,,,5045,25,,,,,5042.0,0.0,,
1132,0,56600,STARFRUIT,5038,1,5037.0,26.0,,,5044,1,5045.0,26.0,,,5041.0,0.0,,
1133,0,56600,AMETHYSTS,9996,1,9995.0,26.0,,,10004,1,10005.0,26.0,,,10000.0,0.0,,
1134,0,56700,STARFRUIT,5037,25,,,,,5038,1,5044.0,25.0,,,5037.5,0.0,,
1135,0,56700,AMETHYSTS,9995,25,,,,,10005,25,,,,,10000.0,0.0,,
1136,0,56800,STARFRUIT,5038,6,5037.0,24.0,,,5044,24,,,,,5041.0,0.0,,
1137,0,56800,AMETHYSTS,9995,24,,,,,10005,24,,,,,10000.0,0.0,,
1138,0,56900,AMETHYSTS,9998,5,9995.0,20.0,,,10005,20,,,,,10001.5,0.0,,
1139,0,56900,STARFRUIT,5037,20,,,,,5044,20,,,,,5040.5,0.0,,
1140,0,57000,STARFRUIT,5037,25,,,,,5044,25,,,,,5040.5,0.0,,
1141,0,57000,AMETHYSTS,9995,25,,,,,10005,25,,,,,10000.0,0.0,,
1142,0,57100,STARFRUIT,5038,2,5037.0,25.0,,,5044,2,5045.0,25.0,,,5041.0,0.0,,
1143,0,57100,AMETHYSTS,9996,2,9995.0,25.0,,,10004,2,10005.0,25.0,,,10000.0,0.0,,
1144,0,57200,STARFRUIT,5037,26,,,,,5044,26,,,,,5040.5,0.0,,
1145,0,57200,AMETHYSTS,9995,26,,,,,10005,26,,,,,10000.0,0.0,,
1146,0,57300,AMETHYSTS,10002,1,9995.0,25.0,,,10005,25,,,,,10003.5,0.0,,
1147,0,57300,STARFRUIT,5038,25,,,,,5045,25,,,,,5041.5,0.0,,
1148,0,57400,STARFRUIT,5038,27,,,,,5043,4,5044.0,2.0,5045.0,26.0,5040.5,0.0,,5044.6875
1149,0,57400,AMETHYSTS,9996,2,9995.0,26.0,,,10002,2,10004.0,2.0,10005.0,26.0,9999.0,0.0,,10004.733333333334
1150,0,57500,STARFRUIT,5038,1,5037.0,30.0,,,5044,31,,,,,5041.0,0.0,,
1151,0,57500,AMETHYSTS,9996,1,9995.0,30.0,,,10002,1,10004.0,1.0,10005.0,30.0,9999.0,0.0,,10004.875
1152,0,57600,STARFRUIT,5037,29,,,,,5044,29,,,,,5040.5,0.0,,
1153,0,57600,AMETHYSTS,9995,29,,,,,9998,1,10005.0,29.0,,,9996.5,0.0,,
1154,0,57700,AMETHYSTS,9996,2,9995.0,28.0,,,10002,2,10004.0,2.0,10005.0,28.0,9999.0,0.0,,10004.75
1155,0,57700,STARFRUIT,5037,30,,,,,5044,30,,,,,5040.5,0.0,,
1156,0,57800,STARFRUIT,5037,28,,,,,5044,28,,,,,5040.5,0.0,,
1157,0,57800,AMETHYSTS,9996,2,9995.0,26.0,,,10004,2,10005.0,26.0,,,10000.0,0.0,,
1158,0,57900,STARFRUIT,5037,2,5036.0,30.0,,,5043,32,,,,,5040.0,0.0,,
1159,0,57900,AMETHYSTS,10002,1,9996.0,2.0,9995.0,30.0,10004,2,10005.0,30.0,,,10003.0,0.0,9995.272727272728,
1160,0,58000,STARFRUIT,5041,4,5037.0,23.0,,,5044,23,,,,,5042.5,0.0,,
1161,0,58000,AMETHYSTS,9998,7,9995.0,23.0,,,10005,23,,,,,10001.5,0.0,,
1162,0,58100,AMETHYSTS,9996,1,9995.0,23.0,,,10004,1,10005.0,23.0,,,10000.0,0.0,,
1163,0,58100,STARFRUIT,5038,7,5037.0,24.0,,,5044,24,,,,,5041.0,0.0,,
1164,0,58200,STARFRUIT,5038,6,5037.0,26.0,,,5043,2,5044.0,24.0,,,5040.5,0.0,,
1165,0,58200,AMETHYSTS,9996,2,9995.0,24.0,,,10004,2,10005.0,24.0,,,10000.0,0.0,,
1166,0,58300,STARFRUIT,5037,2,5036.0,21.0,,,5043,23,,,,,5040.0,0.0,,
1167,0,58300,AMETHYSTS,9996,2,9995.0,21.0,,,9998,1,10004.0,2.0,10005.0,21.0,9997.0,0.0,,10004.625
1168,0,58400,STARFRUIT,5037,21,,,,,5040,4,5044.0,21.0,,,5038.5,0.0,,
1169,0,58400,AMETHYSTS,9995,21,,,,,10000,4,10005.0,21.0,,,9997.5,0.0,,
1170,0,58500,AMETHYSTS,9996,1,9995.0,29.0,,,9998,1,10004.0,1.0,10005.0,29.0,9997.0,0.0,,10004.741935483871
1171,0,58500,STARFRUIT,5038,3,5037.0,29.0,,,5044,30,,,,,5041.0,0.0,,
1172,0,58600,STARFRUIT,5038,29,,,,,5043,3,5045.0,29.0,,,5040.5,0.0,,
1173,0,58600,AMETHYSTS,9998,2,9996.0,2.0,9995.0,27.0,10004,2,10005.0,27.0,,,10001.0,0.0,9995.258064516129,
1174,0,58700,AMETHYSTS,9996,1,9995.0,24.0,,,10004,1,10005.0,24.0,,,10000.0,0.0,,
1175,0,58700,STARFRUIT,5043,10,5038.0,25.0,,,5044,1,5045.0,24.0,,,5043.5,0.0,,
1176,0,58800,AMETHYSTS,9998,4,9996.0,2.0,9995.0,22.0,10004,2,10005.0,22.0,,,10001.0,0.0,9995.5,
1177,0,58800,STARFRUIT,5038,2,5037.0,22.0,,,5042,8,5044.0,24.0,,,5040.0,0.0,,
1178,0,58900,AMETHYSTS,9995,22,,,,,9998,1,10005.0,22.0,,,9996.5,0.0,,
1179,0,58900,STARFRUIT,5037,22,,,,,5044,22,,,,,5040.5,0.0,,
1180,0,59000,STARFRUIT,5037,26,,,,,5045,26,,,,,5041.0,0.0,,
1181,0,59000,AMETHYSTS,9995,26,,,,,10005,26,,,,,10000.0,0.0,,
1182,0,59100,AMETHYSTS,9995,30,,,,,9998,2,10005.0,30.0,,,9996.5,0.0,,
1183,0,59100,STARFRUIT,5037,30,,,,,5044,30,,,,,5040.5,0.0,,
1184,0,59200,AMETHYSTS,10000,3,9996.0,2.0,9995.0,29.0,10004,2,10005.0,29.0,,,10002.0,0.0,9995.5,
1185,0,59200,STARFRUIT,5040,3,5038.0,2.0,5037.0,29.0,5044,31,,,,,5042.0,0.0,5037.323529411765,
1186,0,59300,AMETHYSTS,9996,2,9995.0,28.0,,,9998,13,10004.0,2.0,10005.0,28.0,9997.0,0.0,,10002.837209302326
1187,0,59300,STARFRUIT,5040,2,5037.0,2.0,5036.0,28.0,5043,2,5044.0,28.0,,,5041.5,0.0,5036.3125,
1188,0,59400,STARFRUIT,5036,28,,,,,5043,28,,,,,5039.5,0.0,,
1189,0,59400,AMETHYSTS,9995,28,,,,,10005,28,,,,,10000.0,0.0,,
1190,0,59500,AMETHYSTS,9998,1,9996.0,2.0,9995.0,27.0,10004,2,10005.0,27.0,,,10001.0,0.0,9995.166666666666,
1191,0,59500,STARFRUIT,5037,2,5036.0,27.0,,,5043,2,5044.0,27.0,,,5040.0,0.0,,
1192,0,59600,AMETHYSTS,9995,25,,,,,10005,25,,,,,10000.0,0.0,,
1193,0,59600,STARFRUIT,5038,4,5037.0,25.0,,,5044,25,,,,,5041.0,0.0,,
1194,0,59700,AMETHYSTS,9998,8,9996.0,2.0,9995.0,26.0,10004,2,10005.0,26.0,,,10001.0,0.0,9995.722222222223,
1195,0,59700,STARFRUIT,5038,28,,,,,5043,8,5045.0,28.0,,,5040.5,0.0,,
1196,0,59800,STARFRUIT,5038,20,,,,,5040,5,5045.0,20.0,,,5039.0,0.0,,
1197,0,59800,AMETHYSTS,9995,20,,,,,10005,20,,,,,10000.0,0.0,,
1198,0,59900,AMETHYSTS,10002,1,9998.0,1.0,9996.0,2.0,10004,2,10005.0,22.0,,,10003.0,0.0,9998.0,
1199,0,59900,STARFRUIT,5038,2,5037.0,22.0,,,5044,24,,,,,5041.0,0.0,,
1200,0,60000,AMETHYSTS,9998,4,9996.0,2.0,9995.0,29.0,10004,2,10005.0,29.0,,,10001.0,0.0,9995.4,
1201,0,60000,STARFRUIT,5037,31,,,,,5044,31,,,,,5040.5,0.0,,
1202,0,60100,AMETHYSTS,9995,25,,,,,9998,1,10005.0,25.0,,,9996.5,0.0,,
1203,0,60100,STARFRUIT,5037,25,,,,,5038,9,5044.0,25.0,,,5037.5,0.0,,
1204,0,60200,STARFRUIT,5040,4,5037.0,22.0,,,5044,22,,,,,5042.0,0.0,,
1205,0,60200,AMETHYSTS,10000,3,9996.0,1.0,9995.0,21.0,10004,1,10005.0,21.0,,,10002.0,0.0,9995.64,
1206,0,60300,AMETHYSTS,9996,2,9995.0,22.0,,,10004,2,10005.0,22.0,,,10000.0,0.0,,
1207,0,60300,STARFRUIT,5037,24,,,,,5044,24,,,,,5040.5,0.0,,
1208,0,60400,AMETHYSTS,10000,4,9996.0,1.0,9995.0,24.0,10004,1,10005.0,24.0,,,10002.0,0.0,9995.724137931034,
1209,0,60400,STARFRUIT,5040,6,5037.0,25.0,,,5043,1,5044.0,24.0,,,5041.5,0.0,,
1210,0,60500,AMETHYSTS,9996,2,9995.0,20.0,,,10004,2,10005.0,20.0,,,10000.0,0.0,,
1211,0,60500,STARFRUIT,5037,22,,,,,5043,2,5044.0,20.0,,,5040.0,0.0,,
1212,0,60600,STARFRUIT,5037,27,,,,,5044,27,,,,,5040.5,0.0,,
1213,0,60600,AMETHYSTS,9995,27,,,,,10002,3,10005.0,27.0,,,9998.5,0.0,,
1214,0,60700,AMETHYSTS,9996,2,9995.0,29.0,,,10002,8,10004.0,2.0,10005.0,29.0,9999.0,0.0,,10004.333333333334
1215,0,60700,STARFRUIT,5037,31,,,,,5044,31,,,,,5040.5,0.0,,
1216,0,60800,AMETHYSTS,9996,1,9995.0,24.0,,,10004,1,10005.0,24.0,,,10000.0,0.0,,
1217,0,60800,STARFRUIT,5037,25,,,,,5042,8,5044.0,25.0,,,5039.5,0.0,,
1218,0,60900,STARFRUIT,5038,2,5037.0,23.0,,,5044,25,,,,,5041.0,0.0,,
1219,0,60900,AMETHYSTS,9996,2,9995.0,23.0,,,10004,2,10005.0,23.0,,,10000.0,0.0,,
1220,0,61000,AMETHYSTS,9996,1,9995.0,30.0,,,10004,1,10005.0,30.0,,,10000.0,0.0,,
1221,0,61000,STARFRUIT,5037,31,,,,,5038,8,5044.0,31.0,,,5037.5,0.0,,
1222,0,61100,AMETHYSTS,9996,2,9995.0,30.0,,,10004,2,10005.0,30.0,,,10000.0,0.0,,
1223,0,61100,STARFRUIT,5037,32,,,,,5044,32,,,,,5040.5,0.0,,
1224,0,61200,AMETHYSTS,9995,30,,,,,10005,30,,,,,10000.0,0.0,,
1225,0,61200,STARFRUIT,5037,30,,,,,5042,7,5044.0,30.0,,,5039.5,0.0,,
1226,0,61300,STARFRUIT,5037,1,5036.0,30.0,,,5043,31,,,,,5040.0,0.0,,
1227,0,61300,AMETHYSTS,9996,1,9995.0,30.0,,,10004,1,10005.0,30.0,,,10000.0,0.0,,
1228,0,61400,AMETHYSTS,10002,2,9996.0,2.0,9995.0,26.0,10004,2,10005.0,26.0,,,10003.0,0.0,9995.533333333333,
1229,0,61400,STARFRUIT,5037,28,,,,,5044,28,,,,,5040.5,0.0,,
1230,0,61500,AMETHYSTS,10002,6,9995.0,29.0,,,10005,29,,,,,10003.5,0.0,,
1231,0,61500,STARFRUIT,5037,29,,,,,5044,29,,,,,5040.5,0.0,,
1232,0,61600,AMETHYSTS,9996,1,9995.0,25.0,,,10004,1,10005.0,25.0,,,10000.0,0.0,,
1233,0,61600,STARFRUIT,5037,26,,,,,5042,4,5044.0,26.0,,,5039.5,0.0,,
1234,0,61700,STARFRUIT,5043,1,5037.0,23.0,,,5044,23,,,,,5043.5,0.0,,
1235,0,61700,AMETHYSTS,9996,1,9995.0,22.0,,,10004,1,10005.0,22.0,,,10000.0,0.0,,
1236,0,61800,AMETHYSTS,9995,29,,,,,10005,29,,,,,10000.0,0.0,,
1237,0,61800,STARFRUIT,5038,2,5037.0,29.0,,,5044,29,,,,,5041.0,0.0,,
1238,0,61900,AMETHYSTS,9996,2,9995.0,23.0,,,9998,1,10004.0,2.0,10005.0,23.0,9997.0,0.0,,10004.653846153846
1239,0,61900,STARFRUIT,5038,2,5037.0,23.0,,,5044,25,,,,,5041.0,0.0,,
1240,0,62000,AMETHYSTS,9996,1,9995.0,22.0,,,10004,1,10005.0,22.0,,,10000.0,0.0,,
1241,0,62000,STARFRUIT,5037,23,,,,,5044,23,,,,,5040.5,0.0,,
1242,0,62100,STARFRUIT,5037,25,,,,,5043,1,5044.0,24.0,,,5040.0,0.0,,
1243,0,62100,AMETHYSTS,9996,1,9995.0,24.0,,,10004,1,10005.0,24.0,,,10000.0,0.0,,
1244,0,62200,AMETHYSTS,9998,9,9995.0,26.0,,,10005,26,,,,,10001.5,0.0,,
1245,0,62200,STARFRUIT,5037,26,,,,,5038,1,5044.0,26.0,,,5037.5,0.0,,
1246,0,62300,AMETHYSTS,9996,1,9995.0,21.0,,,10004,1,10005.0,21.0,,,10000.0,0.0,,
1247,0,62300,STARFRUIT,5038,1,5037.0,21.0,,,5044,22,,,,,5041.0,0.0,,
1248,0,62400,AMETHYSTS,9995,26,,,,,10005,26,,,,,10000.0,0.0,,
1249,0,62400,STARFRUIT,5037,26,,,,,5044,26,,,,,5040.5,0.0,,
1250,0,62500,STARFRUIT,5038,2,5037.0,27.0,,,5042,3,5044.0,29.0,,,5040.0,0.0,,
1251,0,62500,AMETHYSTS,9996,2,9995.0,27.0,,,10004,2,10005.0,27.0,,,10000.0,0.0,,
1252,0,62600,AMETHYSTS,9996,2,9995.0,29.0,,,10004,2,10005.0,29.0,,,10000.0,0.0,,
1253,0,62600,STARFRUIT,5038,2,5037.0,29.0,,,5042,4,5044.0,31.0,,,5040.0,0.0,,
1254,0,62700,AMETHYSTS,9995,25,,,,,10002,4,10005.0,25.0,,,9998.5,0.0,,
1255,0,62700,STARFRUIT,5037,25,,,,,5044,25,,,,,5040.5,0.0,,
1256,0,62800,AMETHYSTS,9996,1,9995.0,27.0,,,10004,1,10005.0,27.0,,,10000.0,0.0,,
1257,0,62800,STARFRUIT,5037,28,,,,,5044,28,,,,,5040.5,0.0,,
1258,0,62900,STARFRUIT,5037,22,,,,,5042,7,5043.0,1.0,5044.0,21.0,5039.5,0.0,,5043.482758620689
1259,0,62900,AMETHYSTS,9996,1,9995.0,21.0,,,10004,1,10005.0,21.0,,,10000.0,0.0,,
1260,0,63000,AMETHYSTS,9996,2,9995.0,25.0,,,10004,2,10005.0,25.0,,,10000.0,0.0,,
1261,0,63000,STARFRUIT,5037,27,,,,,5039,5,5044.0,27.0,,,5038.0,0.0,,
1262,0,63100,AMETHYSTS,9995,20,,,,,10002,1,10005.0,20.0,,,9998.5,0.0,,
1263,0,63100,STARFRUIT,5037,20,,,,,5044,20,,,,,5040.5,0.0,,
1264,0,63200,AMETHYSTS,9995,24,,,,,10005,24,,,,,10000.0,0.0,,
1265,0,63200,STARFRUIT,5039,4,5038.0,24.0,,,5045,24,,,,,5042.0,0.0,,
1266,0,63300,STARFRUIT,5038,28,,,,,5045,28,,,,,5041.5,0.0,,
1267,0,63300,AMETHYSTS,9996,2,9995.0,26.0,,,10004,2,10005.0,26.0,,,10000.0,0.0,,
1268,0,63400,AMETHYSTS,9996,1,9995.0,30.0,,,10002,9,10004.0,1.0,10005.0,30.0,9999.0,0.0,,10004.3
1269,0,63400,STARFRUIT,5038,31,,,,,5043,6,5044.0,1.0,5045.0,30.0,5040.5,0.0,,5044.648648648648
1270,0,63500,AMETHYSTS,9996,2,9995.0,30.0,,,9998,1,10002.0,3.0,10004.0,2.0,9997.0,0.0,,10002.0
1271,0,63500,STARFRUIT,5037,32,,,,,5044,32,,,,,5040.5,0.0,,
1272,0,63600,AMETHYSTS,9996,1,9995.0,30.0,,,10002,6,10004.0,1.0,10005.0,30.0,9999.0,0.0,,10004.486486486487
1273,0,63600,STARFRUIT,5037,31,,,,,5044,31,,,,,5040.5,0.0,,
1274,0,63700,STARFRUIT,5037,24,,,,,5044,24,,,,,5040.5,0.0,,
1275,0,63700,AMETHYSTS,9998,8,9996.0,2.0,9995.0,22.0,10004,2,10005.0,22.0,,,10001.0,0.0,9995.8125,
1276,0,63800,AMETHYSTS,9996,2,9995.0,26.0,,,10004,2,10005.0,26.0,,,10000.0,0.0,,
1277,0,63800,STARFRUIT,5036,1,5035.0,26.0,,,5042,28,,,,,5039.0,0.0,,
1278,0,63900,AMETHYSTS,9995,25,,,,,10002,3,10005.0,25.0,,,9998.5,0.0,,
1279,0,63900,STARFRUIT,5037,2,5035.0,25.0,,,5043,25,,,,,5040.0,0.0,,
1280,0,64000,AMETHYSTS,9996,1,9995.0,30.0,,,10004,1,10005.0,30.0,,,10000.0,0.0,,
1281,0,64000,STARFRUIT,5036,6,5035.0,31.0,,,5042,31,,,,,5039.0,0.0,,
1282,0,64100,STARFRUIT,5037,4,5036.0,29.0,,,5043,29,,,,,5040.0,0.0,,
1283,0,64100,AMETHYSTS,9995,29,,,,,10005,29,,,,,10000.0,0.0,,
1284,0,64200,AMETHYSTS,9996,1,9995.0,23.0,,,10002,1,10004.0,1.0,10005.0,23.0,9999.0,0.0,,10004.84
1285,0,64200,STARFRUIT,5036,24,,,,,5043,24,,,,,5039.5,0.0,,
1286,0,64300,AMETHYSTS,9995,29,,,,,10005,29,,,,,10000.0,0.0,,
1287,0,64300,STARFRUIT,5036,8,5035.0,29.0,,,5042,29,,,,,5039.0,0.0,,
1288,0,64400,AMETHYSTS,9996,1,9995.0,25.0,,,10004,1,10005.0,25.0,,,10000.0,0.0,,
1289,0,64400,STARFRUIT,5035,26,,,,,5036,1,5040.0,2.0,5042.0,26.0,5035.5,0.0,,5041.6551724137935
1290,0,64500,STARFRUIT,5035,31,,,,,5040,2,5042.0,31.0,,,5037.5,0.0,,
1291,0,64500,AMETHYSTS,9998,1,9996.0,1.0,9995.0,30.0,10004,1,10005.0,30.0,,,10001.0,0.0,9995.125,
1292,0,64600,AMETHYSTS,9996,1,9995.0,23.0,,,10004,1,10005.0,23.0,,,10000.0,0.0,,
1293,0,64600,STARFRUIT,5035,23,,,,,5042,24,,,,,5038.5,0.0,,
1294,0,64700,AMETHYSTS,9996,2,9995.0,28.0,,,10002,1,10004.0,2.0,10005.0,28.0,9999.0,0.0,,10004.838709677419
1295,0,64700,STARFRUIT,5036,10,5035.0,28.0,,,5042,2,5043.0,28.0,,,5039.0,0.0,,
1296,0,64800,AMETHYSTS,9996,2,9995.0,26.0,,,10002,4,10004.0,2.0,10005.0,26.0,9999.0,0.0,,10004.5625
1297,0,64800,STARFRUIT,5036,28,,,,,5042,2,5043.0,26.0,,,5039.0,0.0,,
1298,0,64900,STARFRUIT,5036,2,5035.0,30.0,,,5042,30,,,,,5039.0,0.0,,
1299,0,64900,AMETHYSTS,9995,30,,,,,10005,30,,,,,10000.0,0.0,,
1300,0,65000,AMETHYSTS,9995,22,,,,,10002,3,10005.0,22.0,,,9998.5,0.0,,
1301,0,65000,STARFRUIT,5036,22,,,,,5043,22,,,,,5039.5,0.0,,
1302,0,65100,AMETHYSTS,9998,9,9996.0,2.0,9995.0,29.0,10004,2,10005.0,29.0,,,10001.0,0.0,9995.725,
1303,0,65100,STARFRUIT,5036,2,5035.0,29.0,,,5040,8,5042.0,31.0,,,5038.0,0.0,,
1304,0,65200,AMETHYSTS,10002,5,9995.0,25.0,,,10005,25,,,,,10003.5,0.0,,
1305,0,65200,STARFRUIT,5036,25,,,,,5043,25,,,,,5039.5,0.0,,
1306,0,65300,STARFRUIT,5041,1,5040.0,5.0,5036.0,31.0,5042,2,5043.0,29.0,,,5041.5,0.0,5036.675675675676,
1307,0,65300,AMETHYSTS,10002,1,9998.0,3.0,9996.0,2.0,10004,2,10005.0,29.0,,,10003.0,0.0,9998.0,
1308,0,65400,STARFRUIT,5035,25,,,,,5042,25,,,,,5038.5,0.0,,
1309,0,65400,AMETHYSTS,9996,1,9995.0,24.0,,,9998,1,10004.0,1.0,10005.0,24.0,9997.0,0.0,,10004.692307692309
1310,0,65500,AMETHYSTS,9996,2,9995.0,25.0,,,10002,6,10004.0,2.0,10005.0,25.0,9999.0,0.0,,10004.39393939394
1311,0,65500,STARFRUIT,5035,27,,,,,5042,27,,,,,5038.5,0.0,,
1312,0,65600,STARFRUIT,5035,28,,,,,5042,28,,,,,5038.5,0.0,,
1313,0,65600,AMETHYSTS,9998,8,9995.0,28.0,,,10005,28,,,,,10001.5,0.0,,
1314,0,65700,STARFRUIT,5035,21,,,,,5043,21,,,,,5039.0,0.0,,
1315,0,65700,AMETHYSTS,9995,21,,,,,10005,21,,,,,10000.0,0.0,,
1316,0,65800,STARFRUIT,5036,29,,,,,5043,29,,,,,5039.5,0.0,,
1317,0,65800,AMETHYSTS,9995,29,,,,,10005,29,,,,,10000.0,0.0,,
1318,0,65900,AMETHYSTS,9996,1,9995.0,26.0,,,10004,1,10005.0,26.0,,,10000.0,0.0,,
1319,0,65900,STARFRUIT,5037,1,5036.0,26.0,,,5043,27,,,,,5040.0,0.0,,
1320,0,66000,STARFRUIT,5037,8,5036.0,20.0,,,5043,21,,,,,5040.0,0.0,,
1321,0,66000,AMETHYSTS,9996,1,9995.0,20.0,,,9998,2,10004.0,1.0,10005.0,20.0,9997.0,0.0,,10004.347826086956
