,day,timestamp,product,bid_price_1,bid_volume_1,bid_price_2,bid_volume_2,bid_price_3,bid_volume_3,ask_price_1,ask_volume_1,ask_price_2,ask_volume_2,ask_price_3,ask_volume_3,mid_price,profit_and_loss,bidavg,askavg
0,0,0,AMETHYSTS,9998,1,9995.0,30.0,0.0,0.0,10005,30,0.0,0.0,0.0,0.0,10001.5,0.0,9995.09677419355,10005.0
1,0,0,STARFRUIT,5036,30,0.0,0.0,0.0,0.0,5043,30,0.0,0.0,0.0,0.0,5039.5,0.0,5036.0,5043.0
2,0,100,AMETHYSTS,9996,1,9995.0,30.0,0.0,0.0,10002,6,10004.0,1.0,10005.0,30.0,9999.0,0.0,9995.032258064517,10004.486486486487
3,0,100,STARFRUIT,5041,4,5037.0,1.0,5036.0,30.0,5043,31,0.0,0.0,0.0,0.0,5042.0,0.0,5036.6,5043.0
4,0,200,AMETHYSTS,9996,1,9995.0,21.0,0.0,0.0,10004,1,10005.0,21.0,0.0,0.0,10000.0,0.0,9995.045454545454,10004.954545454546
5,0,200,STARFRUIT,5037,1,5036.0,21.0,0.0,0.0,5043,1,5044.0,21.0,0.0,0.0,5040.0,0.0,5036.045454545455,5043.954545454545
6,0,300,STARFRUIT,5037,25,0.0,0.0,0.0,0.0,5044,25,0.0,0.0,0.0,0.0,5040.5,0.0,5037.0,5044.0
7,0,300,AMETHYSTS,9996,2,9995.0,23.0,0.0,0.0,9998,3,10004.0,2.0,10005.0,23.0,9997.0,0.0,9995.08,10004.17857142857
8,0,400,AMETHYSTS,9998,5,9996.0,2.0,9995.0,23.0,10004,2,10005.0,23.0,0.0,0.0,10001.0,0.0,9995.566666666668,10004.92
9,0,400,STARFRUIT,5037,25,0.0,0.0,0.0,0.0,5042,6,5044.0,25.0,0.0,0.0,5039.5,0.0,5037.0,5043.612903225807
10,0,500,AMETHYSTS,10002,1,9996.0,2.0,9995.0,22.0,10004,2,10005.0,22.0,0.0,0.0,10003.0,0.0,9995.36,10004.916666666666
11,0,500,STARFRUIT,5037,24,0.0,0.0,0.0,0.0,5044,24,0.0,0.0,0.0,0.0,5040.5,0.0,5037.0,5044.0
12,0,600,AMETHYSTS,9996,2,9995.0,24.0,0.0,0.0,10002,9,10004.0,2.0,10005.0,24.0,9999.0,0.0,9995.076923076924,10004.171428571428
13,0,600,STARFRUIT,5037,26,0.0,0.0,0.0,0.0,5044,26,0.0,0.0,0.0,0.0,5040.5,0.0,5037.0,5044.0
14,0,700,STARFRUIT,5037,5,5036.0,27.0,0.0,0.0,5043,27,0.0,0.0,0.0,0.0,5040.0,0.0,5036.15625,5043.0
15,0,700,AMETHYSTS,9998,7,9995.0,27.0,0.0,0.0,10005,27,0.0,0.0,0.0,0.0,10001.5,0.0,9995.617647058823,10005.0
16,0,800,AMETHYSTS,9995,26,0.0,0.0,0.0,0.0,10005,26,0.0,0.0,0.0,0.0,10000.0,0.0,9995.0,10005.0
17,0,800,STARFRUIT,5036,26,0.0,0.0,0.0,0.0,5043,26,0.0,0.0,0.0,0.0,5039.5,0.0,5036.0,5043.0
18,0,900,AMETHYSTS,9996,2,9995.0,27.0,0.0,0.0,10004,2,10005.0,27.0,0.0,0.0,10000.0,0.0,9995.068965517241,10004.931034482759
19,0,900,STARFRUIT,5036,29,0.0,0.0,0.0,0.0,5043,29,0.0,0.0,0.0,0.0,5039.5,0.0,5036.0,5043.0
20,0,1000,AMETHYSTS,9996,2,9995.0,26.0,0.0,0.0,10004,2,10005.0,26.0,0.0,0.0,10000.0,0.0,9995.07142857143,10004.92857142857
21,0,1000,STARFRUIT,5037,2,5036.0,26.0,0.0,0.0,5043,28,0.0,0.0,0.0,0.0,5040.0,0.0,5036.071428571428,5043.0
22,0,1100,STARFRUIT,5038,6,5037.0,25.0,0.0,0.0,5043,2,5044.0,23.0,0.0,0.0,5040.5,0.0,5037.193548387097,5043.92
23,0,1100,AMETHYSTS,9996,2,9995.0,23.0,0.0,0.0,10004,2,10005.0,23.0,0.0,0.0,10000.0,0.0,9995.08,10004.92
24,0,1200,AMETHYSTS,9998,9,9996.0,2.0,9995.0,28.0,10004,2,10005.0,28.0,0.0,0.0,10001.0,0.0,9995.74358974359,10004.933333333332
25,0,1200,STARFRUIT,5037,8,5036.0,30.0,0.0,0.0,5043,30,0.0,0.0,0.0,0.0,5040.0,0.0,5036.210526315789,5043.0
26,0,1300,AMETHYSTS,9996,1,9995.0,27.0,0.0,0.0,10004,1,10005.0,27.0,0.0,0.0,10000.0,0.0,9995.035714285714,10004.964285714286
27,0,1300,STARFRUIT,5036,28,0.0,0.0,0.0,0.0,5037,5,5042.0,1.0,5043.0,27.0,5036.5,0.0,5036.0,5042.060606060606
28,0,1400,AMETHYSTS,9996,2,9995.0,24.0,0.0,0.0,10004,2,10005.0,24.0,0.0,0.0,10000.0,0.0,9995.076923076924,10004.923076923076
29,0,1400,STARFRUIT,5036,25,0.0,0.0,0.0,0.0,5043,26,0.0,0.0,0.0,0.0,5039.5,0.0,5036.0,5043.0
30,0,1500,STARFRUIT,5041,1,5036.0,22.0,0.0,0.0,5043,22,0.0,0.0,0.0,0.0,5042.0,0.0,5036.217391304348,5043.0
31,0,1500,AMETHYSTS,10002,1,9996.0,2.0,9995.0,20.0,10004,2,10005.0,20.0,0.0,0.0,10003.0,0.0,9995.391304347826,10004.90909090909
32,0,1600,AMETHYSTS,9996,1,9995.0,22.0,0.0,0.0,10004,1,10005.0,22.0,0.0,0.0,10000.0,0.0,9995.04347826087,10004.95652173913
33,0,1600,STARFRUIT,5037,23,0.0,0.0,0.0,0.0,5043,1,5044.0,22.0,0.0,0.0,5040.0,0.0,5037.0,5043.95652173913
34,0,1700,AMETHYSTS,9995,27,0.0,0.0,0.0,0.0,10005,27,0.0,0.0,0.0,0.0,10000.0,0.0,9995.0,10005.0
35,0,1700,STARFRUIT,5036,27,0.0,0.0,0.0,0.0,5041,8,5043.0,27.0,0.0,0.0,5038.5,0.0,5036.0,5042.542857142857
36,0,1800,AMETHYSTS,9996,2,9995.0,25.0,0.0,0.0,10004,2,10005.0,25.0,0.0,0.0,10000.0,0.0,9995.074074074075,10004.925925925925
37,0,1800,STARFRUIT,5037,10,5036.0,25.0,0.0,0.0,5043,2,5044.0,25.0,0.0,0.0,5040.0,0.0,5036.285714285715,5043.925925925926
38,0,1900,STARFRUIT,5036,31,0.0,0.0,0.0,0.0,5043,31,0.0,0.0,0.0,0.0,5039.5,0.0,5036.0,5043.0
39,0,1900,AMETHYSTS,9996,2,9995.0,29.0,0.0,0.0,10004,2,10005.0,29.0,0.0,0.0,10000.0,0.0,9995.064516129032,10004.935483870968
40,0,2000,AMETHYSTS,9996,1,9995.0,25.0,0.0,0.0,10002,7,10004.0,1.0,10005.0,25.0,9999.0,0.0,9995.038461538461,10004.333333333334
41,0,2000,STARFRUIT,5036,26,0.0,0.0,0.0,0.0,5037,7,5043.0,26.0,0.0,0.0,5036.5,0.0,5036.0,5041.727272727273
42,0,2100,AMETHYSTS,9995,23,0.0,0.0,0.0,0.0,10005,23,0.0,0.0,0.0,0.0,10000.0,0.0,9995.0,10005.0
43,0,2100,STARFRUIT,5036,23,0.0,0.0,0.0,0.0,5043,23,0.0,0.0,0.0,0.0,5039.5,0.0,5036.0,5043.0
44,0,2200,AMETHYSTS,9996,2,9995.0,30.0,0.0,0.0,10004,2,10005.0,30.0,0.0,0.0,10000.0,0.0,9995.0625,10004.9375
45,0,2200,STARFRUIT,5036,32,0.0,0.0,0.0,0.0,5043,32,0.0,0.0,0.0,0.0,5039.5,0.0,5036.0,5043.0
46,0,2300,STARFRUIT,5037,24,0.0,0.0,0.0,0.0,5043,2,5044.0,22.0,0.0,0.0,5040.0,0.0,5037.0,5043.916666666667
47,0,2300,AMETHYSTS,9996,2,9995.0,22.0,0.0,0.0,10004,2,10005.0,22.0,0.0,0.0,10000.0,0.0,9995.083333333334,10004.916666666666
48,0,2400,AMETHYSTS,9998,4,9996.0,2.0,9995.0,23.0,10004,2,10005.0,23.0,0.0,0.0,10001.0,0.0,9995.48275862069,10004.92
49,0,2400,STARFRUIT,5042,10,5037.0,25.0,0.0,0.0,5043,2,5044.0,23.0,0.0,0.0,5042.5,0.0,5038.428571428572,5043.92
50,0,2500,AMETHYSTS,9996,1,9995.0,20.0,0.0,0.0,10004,1,10005.0,20.0,0.0,0.0,10000.0,0.0,9995.047619047618,10004.952380952382
51,0,2500,STARFRUIT,5036,21,0.0,0.0,0.0,0.0,5043,21,0.0,0.0,0.0,0.0,5039.5,0.0,5036.0,5043.0
52,0,2600,AMETHYSTS,9995,25,0.0,0.0,0.0,0.0,10005,25,0.0,0.0,0.0,0.0,10000.0,0.0,9995.0,10005.0
53,0,2600,STARFRUIT,5035,25,0.0,0.0,0.0,0.0,5042,25,0.0,0.0,0.0,0.0,5038.5,0.0,5035.0,5042.0
54,0,2700,STARFRUIT,5035,25,0.0,0.0,0.0,0.0,5040,3,5041.0,1.0,5042.0,24.0,5037.5,0.0,5035.0,5041.75
55,0,2700,AMETHYSTS,9998,4,9996.0,1.0,9995.0,24.0,10004,1,10005.0,24.0,0.0,0.0,10001.0,0.0,9995.448275862069,10004.96
56,0,2800,AMETHYSTS,9998,5,9995.0,29.0,0.0,0.0,10005,29,0.0,0.0,0.0,0.0,10001.5,0.0,9995.441176470587,10005.0
57,0,2800,STARFRUIT,5041,1,5035.0,29.0,0.0,0.0,5042,29,0.0,0.0,0.0,0.0,5041.5,0.0,5035.2,5042.0
58,0,2900,AMETHYSTS,10002,10,9996.0,2.0,9995.0,23.0,10004,2,10005.0,23.0,0.0,0.0,10003.0,0.0,9997.057142857142,10004.92
59,0,2900,STARFRUIT,5035,25,0.0,0.0,0.0,0.0,5042,25,0.0,0.0,0.0,0.0,5038.5,0.0,5035.0,5042.0
60,0,3000,AMETHYSTS,9996,2,9995.0,29.0,0.0,0.0,10004,2,10005.0,29.0,0.0,0.0,10000.0,0.0,9995.064516129032,10004.935483870968
61,0,3000,STARFRUIT,5035,2,5034.0,29.0,0.0,0.0,5041,31,0.0,0.0,0.0,0.0,5038.0,0.0,5034.064516129032,5041.0
62,0,3100,STARFRUIT,5035,1,5034.0,26.0,0.0,0.0,5041,28,0.0,0.0,0.0,0.0,5038.0,0.0,5034.037037037037,5041.0
63,0,3100,AMETHYSTS,9996,2,9995.0,26.0,0.0,0.0,10004,2,10005.0,26.0,0.0,0.0,10000.0,0.0,9995.07142857143,10004.92857142857
64,0,3200,STARFRUIT,5035,32,0.0,0.0,0.0,0.0,5041,2,5042.0,30.0,0.0,0.0,5038.0,0.0,5035.0,5041.9375
65,0,3200,AMETHYSTS,9996,2,9995.0,30.0,0.0,0.0,10002,6,10004.0,2.0,10005.0,30.0,9999.0,0.0,9995.0625,10004.473684210527
66,0,3300,AMETHYSTS,9996,2,9995.0,26.0,0.0,0.0,10004,2,10005.0,26.0,0.0,0.0,10000.0,0.0,9995.07142857143,10004.92857142857
67,0,3300,STARFRUIT,5034,28,0.0,0.0,0.0,0.0,5041,28,0.0,0.0,0.0,0.0,5037.5,0.0,5034.0,5041.0
68,0,3400,STARFRUIT,5034,29,0.0,0.0,0.0,0.0,5041,29,0.0,0.0,0.0,0.0,5037.5,0.0,5034.0,5041.0
69,0,3400,AMETHYSTS,9996,2,9995.0,27.0,0.0,0.0,10004,2,10005.0,27.0,0.0,0.0,10000.0,0.0,9995.068965517241,10004.931034482759
70,0,3500,STARFRUIT,5034,30,0.0,0.0,0.0,0.0,5041,30,0.0,0.0,0.0,0.0,5037.5,0.0,5034.0,5041.0
71,0,3500,AMETHYSTS,9996,2,9995.0,28.0,0.0,0.0,10002,9,10004.0,2.0,10005.0,28.0,9999.0,0.0,9995.066666666668,10004.25641025641
72,0,3600,STARFRUIT,5035,2,5034.0,21.0,0.0,0.0,5041,21,0.0,0.0,0.0,0.0,5038.0,0.0,5034.086956521739,5041.0
73,0,3600,AMETHYSTS,9995,21,0.0,0.0,0.0,0.0,9998,1,10005.0,21.0,0.0,0.0,9996.5,0.0,9995.0,10004.681818181818
74,0,3700,AMETHYSTS,9996,2,9995.0,29.0,0.0,0.0,10000,5,10002.0,7.0,10004.0,2.0,9998.0,0.0,9995.064516129032,10001.57142857143
75,0,3700,STARFRUIT,5035,2,5034.0,29.0,0.0,0.0,5037,4,5041.0,31.0,0.0,0.0,5036.0,0.0,5034.064516129032,5040.542857142857
76,0,3800,STARFRUIT,5034,30,0.0,0.0,0.0,0.0,5039,2,5041.0,30.0,0.0,0.0,5036.5,0.0,5034.0,5040.875
77,0,3800,AMETHYSTS,10002,1,9996.0,1.0,9995.0,29.0,10004,1,10005.0,29.0,0.0,0.0,10003.0,0.0,9995.258064516129,10004.966666666667
78,0,3900,STARFRUIT,5034,25,0.0,0.0,0.0,0.0,5041,25,0.0,0.0,0.0,0.0,5037.5,0.0,5034.0,5041.0
79,0,3900,AMETHYSTS,9998,1,9995.0,25.0,0.0,0.0,10005,25,0.0,0.0,0.0,0.0,10001.5,0.0,9995.115384615385,10005.0
80,0,4000,STARFRUIT,5035,5,5034.0,29.0,0.0,0.0,5041,29,0.0,0.0,0.0,0.0,5038.0,0.0,5034.14705882353,5041.0
81,0,4000,AMETHYSTS,10002,9,9996.0,2.0,9995.0,27.0,10004,2,10005.0,27.0,0.0,0.0,10003.0,0.0,9996.71052631579,10004.931034482759
82,0,4100,AMETHYSTS,9996,1,9995.0,23.0,0.0,0.0,10004,1,10005.0,23.0,0.0,0.0,10000.0,0.0,9995.041666666666,10004.958333333334
83,0,4100,STARFRUIT,5035,8,5034.0,23.0,0.0,0.0,5041,24,0.0,0.0,0.0,0.0,5038.0,0.0,5034.258064516129,5041.0
84,0,4200,STARFRUIT,5035,3,5034.0,28.0,0.0,0.0,5041,28,0.0,0.0,0.0,0.0,5038.0,0.0,5034.096774193548,5041.0
85,0,4200,AMETHYSTS,9996,2,9995.0,26.0,0.0,0.0,10004,2,10005.0,26.0,0.0,0.0,10000.0,0.0,9995.07142857143,10004.92857142857
86,0,4300,STARFRUIT,5035,2,5034.0,29.0,0.0,0.0,5041,31,0.0,0.0,0.0,0.0,5038.0,0.0,5034.064516129032,5041.0
87,0,4300,AMETHYSTS,9996,2,9995.0,29.0,0.0,0.0,10004,2,10005.0,29.0,0.0,0.0,10000.0,0.0,9995.064516129032,10004.935483870968
88,0,4400,STARFRUIT,5036,7,5035.0,27.0,0.0,0.0,5042,27,0.0,0.0,0.0,0.0,5039.0,0.0,5035.205882352941,5042.0
89,0,4400,AMETHYSTS,9996,1,9995.0,26.0,0.0,0.0,9998,1,10004.0,1.0,10005.0,26.0,9997.0,0.0,9995.037037037036,10004.714285714286
90,0,4500,AMETHYSTS,9995,27,0.0,0.0,0.0,0.0,10005,27,0.0,0.0,0.0,0.0,10000.0,0.0,9995.0,10005.0
91,0,4500,STARFRUIT,5036,5,5035.0,27.0,0.0,0.0,5042,27,0.0,0.0,0.0,0.0,5039.0,0.0,5035.15625,5042.0
92,0,4600,STARFRUIT,5035,22,0.0,0.0,0.0,0.0,5041,1,5042.0,21.0,0.0,0.0,5038.0,0.0,5035.0,5041.954545454545
93,0,4600,AMETHYSTS,9996,1,9995.0,21.0,0.0,0.0,10004,1,10005.0,21.0,0.0,0.0,10000.0,0.0,9995.045454545454,10004.954545454546
94,0,4700,STARFRUIT,5034,27,0.0,0.0,0.0,0.0,5039,1,5041.0,27.0,0.0,0.0,5036.5,0.0,5034.0,5040.928571428572
95,0,4700,AMETHYSTS,9998,4,9996.0,1.0,9995.0,26.0,10004,1,10005.0,26.0,0.0,0.0,10001.0,0.0,9995.41935483871,10004.962962962964
96,0,4800,STARFRUIT,5034,25,0.0,0.0,0.0,0.0,5039,3,5041.0,25.0,0.0,0.0,5036.5,0.0,5034.0,5040.785714285715
97,0,4800,AMETHYSTS,10002,3,9996.0,1.0,9995.0,24.0,10004,1,10005.0,24.0,0.0,0.0,10003.0,0.0,9995.785714285714,10004.96
98,0,4900,AMETHYSTS,9995,22,0.0,0.0,0.0,0.0,9998,4,10005.0,22.0,0.0,0.0,9996.5,0.0,9995.0,10003.923076923076
99,0,4900,STARFRUIT,5033,22,0.0,0.0,0.0,0.0,5040,22,0.0,0.0,0.0,0.0,5036.5,0.0,5033.0,5040.0
100,0,5000,STARFRUIT,5033,1,5032.0,22.0,0.0,0.0,5037,1,5039.0,23.0,0.0,0.0,5035.0,0.0,5032.04347826087,5038.916666666667
101,0,5000,AMETHYSTS,9998,3,9996.0,1.0,9995.0,22.0,10004,1,10005.0,22.0,0.0,0.0,10001.0,0.0,9995.384615384615,10004.95652173913
102,0,5100,STARFRUIT,5038,1,5032.0,25.0,0.0,0.0,5039,25,0.0,0.0,0.0,0.0,5038.5,0.0,5032.2307692307695,5039.0
103,0,5100,AMETHYSTS,10002,1,9998.0,9.0,9995.0,25.0,10005,25,0.0,0.0,0.0,0.0,10003.5,0.0,9995.971428571429,10005.0
104,0,5200,STARFRUIT,5033,2,5032.0,22.0,0.0,0.0,5039,24,0.0,0.0,0.0,0.0,5036.0,0.0,5032.083333333333,5039.0
105,0,5200,AMETHYSTS,9996,2,9995.0,22.0,0.0,0.0,10004,2,10005.0,22.0,0.0,0.0,10000.0,0.0,9995.083333333334,10004.916666666666
106,0,5300,AMETHYSTS,9995,25,0.0,0.0,0.0,0.0,10005,25,0.0,0.0,0.0,0.0,10000.0,0.0,9995.0,10005.0
107,0,5300,STARFRUIT,5032,25,0.0,0.0,0.0,0.0,5039,25,0.0,0.0,0.0,0.0,5035.5,0.0,5032.0,5039.0
108,0,5400,STARFRUIT,5032,27,0.0,0.0,0.0,0.0,5035,6,5039.0,27.0,0.0,0.0,5033.5,0.0,5032.0,5038.272727272727
109,0,5400,AMETHYSTS,9995,27,0.0,0.0,0.0,0.0,10000,6,10002.0,8.0,10005.0,27.0,9997.5,0.0,9995.0,10003.682926829268
110,0,5500,AMETHYSTS,9996,1,9995.0,29.0,0.0,0.0,10004,1,10005.0,29.0,0.0,0.0,10000.0,0.0,9995.033333333333,10004.966666666667
111,0,5500,STARFRUIT,5033,6,5032.0,30.0,0.0,0.0,5039,30,0.0,0.0,0.0,0.0,5036.0,0.0,5032.166666666667,5039.0
112,0,5600,AMETHYSTS,10002,1,9998.0,8.0,9996.0,1.0,10004,1,10005.0,26.0,0.0,0.0,10003.0,0.0,9998.2,10004.962962962964
113,0,5600,STARFRUIT,5036,2,5032.0,27.0,0.0,0.0,5038,1,5039.0,26.0,0.0,0.0,5037.0,0.0,5032.275862068966,5038.962962962963
114,0,5700,AMETHYSTS,9998,4,9996.0,2.0,9995.0,23.0,10004,2,10005.0,23.0,0.0,0.0,10001.0,0.0,9995.48275862069,10004.92
115,0,5700,STARFRUIT,5031,25,0.0,0.0,0.0,0.0,5036,5,5038.0,25.0,0.0,0.0,5033.5,0.0,5031.0,5037.666666666667
116,0,5800,STARFRUIT,5037,1,5031.0,24.0,0.0,0.0,5038,24,0.0,0.0,0.0,0.0,5037.5,0.0,5031.24,5038.0
117,0,5800,AMETHYSTS,10002,1,9998.0,10.0,9995.0,24.0,10005,24,0.0,0.0,0.0,0.0,10003.5,0.0,9996.057142857142,10005.0
118,0,5900,AMETHYSTS,10000,5,9996.0,1.0,9995.0,20.0,10004,1,10005.0,20.0,0.0,0.0,10002.0,0.0,9996.0,10004.952380952382
119,0,5900,STARFRUIT,5034,5,5032.0,4.0,5031.0,21.0,5038,21,0.0,0.0,0.0,0.0,5036.0,0.0,5031.633333333333,5038.0
120,0,6000,AMETHYSTS,9996,2,9995.0,22.0,0.0,0.0,9998,4,10004.0,2.0,10005.0,22.0,9997.0,0.0,9995.083333333334,10003.92857142857
121,0,6000,STARFRUIT,5031,24,0.0,0.0,0.0,0.0,5038,24,0.0,0.0,0.0,0.0,5034.5,0.0,5031.0,5038.0
122,0,6100,AMETHYSTS,9996,1,9995.0,24.0,0.0,0.0,10000,5,10002.0,2.0,10004.0,1.0,9998.0,0.0,9995.04,10001.0
123,0,6100,STARFRUIT,5031,25,0.0,0.0,0.0,0.0,5034,5,5037.0,1.0,5038.0,24.0,5032.5,0.0,5031.0,5037.3
124,0,6200,STARFRUIT,5031,30,0.0,0.0,0.0,0.0,5038,30,0.0,0.0,0.0,0.0,5034.5,0.0,5031.0,5038.0
125,0,6200,AMETHYSTS,9996,1,9995.0,29.0,0.0,0.0,10004,1,10005.0,29.0,0.0,0.0,10000.0,0.0,9995.033333333333,10004.966666666667
126,0,6300,AMETHYSTS,9995,25,0.0,0.0,0.0,0.0,10005,25,0.0,0.0,0.0,0.0,10000.0,0.0,9995.0,10005.0
127,0,6300,STARFRUIT,5030,25,0.0,0.0,0.0,0.0,5031,1,5037.0,25.0,0.0,0.0,5030.5,0.0,5030.0,5036.7692307692305
128,0,6400,AMETHYSTS,10000,4,9995.0,23.0,0.0,0.0,10005,23,0.0,0.0,0.0,0.0,10002.5,0.0,9995.74074074074,10005.0
129,0,6400,STARFRUIT,5033,4,5030.0,23.0,0.0,0.0,5037,23,0.0,0.0,0.0,0.0,5035.0,0.0,5030.444444444444,5037.0
130,0,6500,AMETHYSTS,9995,20,0.0,0.0,0.0,0.0,10005,20,0.0,0.0,0.0,0.0,10000.0,0.0,9995.0,10005.0
131,0,6500,STARFRUIT,5034,3,5029.0,20.0,0.0,0.0,5036,20,0.0,0.0,0.0,0.0,5035.0,0.0,5029.652173913043,5036.0
132,0,6600,STARFRUIT,5030,27,0.0,0.0,0.0,0.0,5036,1,5037.0,26.0,0.0,0.0,5033.0,0.0,5030.0,5036.962962962963
133,0,6600,AMETHYSTS,9996,1,9995.0,26.0,0.0,0.0,10004,1,10005.0,26.0,0.0,0.0,10000.0,0.0,9995.037037037036,10004.962962962964
134,0,6700,AMETHYSTS,10002,4,9996.0,2.0,9995.0,26.0,10004,2,10005.0,26.0,0.0,0.0,10003.0,0.0,9995.9375,10004.92857142857
135,0,6700,STARFRUIT,5030,7,5029.0,26.0,0.0,0.0,5036,28,0.0,0.0,0.0,0.0,5033.0,0.0,5029.212121212121,5036.0
136,0,6800,AMETHYSTS,9998,1,9996.0,1.0,9995.0,23.0,10004,1,10005.0,23.0,0.0,0.0,10001.0,0.0,9995.16,10004.958333333334
137,0,6800,STARFRUIT,5030,24,0.0,0.0,0.0,0.0,5037,24,0.0,0.0,0.0,0.0,5033.5,0.0,5030.0,5037.0
138,0,6900,AMETHYSTS,9995,28,0.0,0.0,0.0,0.0,10005,28,0.0,0.0,0.0,0.0,10000.0,0.0,9995.0,10005.0
139,0,6900,STARFRUIT,5030,28,0.0,0.0,0.0,0.0,5035,4,5037.0,28.0,0.0,0.0,5032.5,0.0,5030.0,5036.75
140,0,7000,STARFRUIT,5032,6,5030.0,2.0,5029.0,27.0,5036,29,0.0,0.0,0.0,0.0,5034.0,0.0,5029.571428571428,5036.0
141,0,7000,AMETHYSTS,10000,6,9998.0,7.0,9996.0,2.0,10004,2,10005.0,27.0,0.0,0.0,10002.0,0.0,9998.533333333333,10004.931034482759
142,0,7100,AMETHYSTS,9996,1,9995.0,29.0,0.0,0.0,10004,1,10005.0,29.0,0.0,0.0,10000.0,0.0,9995.033333333333,10004.966666666667
143,0,7100,STARFRUIT,5030,1,5029.0,29.0,0.0,0.0,5036,30,0.0,0.0,0.0,0.0,5033.0,0.0,5029.033333333334,5036.0
144,0,7200,AMETHYSTS,9996,2,9995.0,21.0,0.0,0.0,10004,2,10005.0,21.0,0.0,0.0,10000.0,0.0,9995.08695652174,10004.91304347826
145,0,7200,STARFRUIT,5030,23,0.0,0.0,0.0,0.0,5036,2,5037.0,21.0,0.0,0.0,5033.0,0.0,5030.0,5036.913043478261
146,0,7300,AMETHYSTS,9996,2,9995.0,23.0,0.0,0.0,10002,4,10004.0,2.0,10005.0,23.0,9999.0,0.0,9995.08,10004.51724137931
147,0,7300,STARFRUIT,5030,25,0.0,0.0,0.0,0.0,5036,2,5037.0,23.0,0.0,0.0,5033.0,0.0,5030.0,5036.92
148,0,7400,STARFRUIT,5030,30,0.0,0.0,0.0,0.0,5035,6,5036.0,2.0,5037.0,28.0,5032.5,0.0,5030.0,5036.611111111111
149,0,7400,AMETHYSTS,10002,1,9996.0,2.0,9995.0,28.0,10004,2,10005.0,28.0,0.0,0.0,10003.0,0.0,9995.290322580646,10004.933333333332
150,0,7500,AMETHYSTS,9995,29,0.0,0.0,0.0,0.0,10005,29,0.0,0.0,0.0,0.0,10000.0,0.0,9995.0,10005.0
151,0,7500,STARFRUIT,5030,29,0.0,0.0,0.0,0.0,5037,29,0.0,0.0,0.0,0.0,5033.5,0.0,5030.0,5037.0
152,0,7600,AMETHYSTS,9996,2,9995.0,24.0,0.0,0.0,10004,2,10005.0,24.0,0.0,0.0,10000.0,0.0,9995.076923076924,10004.923076923076
153,0,7600,STARFRUIT,5031,26,0.0,0.0,0.0,0.0,5038,26,0.0,0.0,0.0,0.0,5034.5,0.0,5031.0,5038.0
154,0,7700,STARFRUIT,5030,28,0.0,0.0,0.0,0.0,5035,5,5037.0,28.0,0.0,0.0,5032.5,0.0,5030.0,5036.69696969697
155,0,7700,AMETHYSTS,9995,28,0.0,0.0,0.0,0.0,10005,28,0.0,0.0,0.0,0.0,10000.0,0.0,9995.0,10005.0
156,0,7800,AMETHYSTS,9996,1,9995.0,22.0,0.0,0.0,10004,1,10005.0,22.0,0.0,0.0,10000.0,0.0,9995.04347826087,10004.95652173913
157,0,7800,STARFRUIT,5036,1,5030.0,23.0,0.0,0.0,5037,23,0.0,0.0,0.0,0.0,5036.5,0.0,5030.25,5037.0
158,0,7900,AMETHYSTS,9996,1,9995.0,25.0,0.0,0.0,10002,4,10004.0,1.0,10005.0,25.0,9999.0,0.0,9995.038461538461,10004.566666666668
159,0,7900,STARFRUIT,5035,1,5030.0,26.0,0.0,0.0,5037,26,0.0,0.0,0.0,0.0,5036.0,0.0,5030.185185185185,5037.0
160,0,8000,AMETHYSTS,9996,1,9995.0,22.0,0.0,0.0,10004,1,10005.0,22.0,0.0,0.0,10000.0,0.0,9995.04347826087,10004.95652173913
161,0,8000,STARFRUIT,5031,6,5030.0,22.0,0.0,0.0,5037,23,0.0,0.0,0.0,0.0,5034.0,0.0,5030.214285714285,5037.0
162,0,8100,STARFRUIT,5031,5,5030.0,22.0,0.0,0.0,5037,22,0.0,0.0,0.0,0.0,5034.0,0.0,5030.185185185185,5037.0
163,0,8100,AMETHYSTS,9995,22,0.0,0.0,0.0,0.0,10005,22,0.0,0.0,0.0,0.0,10000.0,0.0,9995.0,10005.0
164,0,8200,AMETHYSTS,9995,20,0.0,0.0,0.0,0.0,9998,1,10002.0,2.0,10005.0,20.0,9996.5,0.0,9995.0,10004.434782608696
165,0,8200,STARFRUIT,5030,20,0.0,0.0,0.0,0.0,5035,8,5037.0,20.0,0.0,0.0,5032.5,0.0,5030.0,5036.428571428572
166,0,8300,AMETHYSTS,10002,1,9998.0,6.0,9996.0,1.0,10004,1,10005.0,26.0,0.0,0.0,10003.0,0.0,9998.25,10004.962962962964
167,0,8300,STARFRUIT,5031,1,5030.0,26.0,0.0,0.0,5037,27,0.0,0.0,0.0,0.0,5034.0,0.0,5030.037037037037,5037.0
168,0,8400,AMETHYSTS,9995,26,0.0,0.0,0.0,0.0,10005,26,0.0,0.0,0.0,0.0,10000.0,0.0,9995.0,10005.0
169,0,8400,STARFRUIT,5032,8,5031.0,26.0,0.0,0.0,5038,26,0.0,0.0,0.0,0.0,5035.0,0.0,5031.235294117647,5038.0
170,0,8500,STARFRUIT,5031,30,0.0,0.0,0.0,0.0,5038,30,0.0,0.0,0.0,0.0,5034.5,0.0,5031.0,5038.0
171,0,8500,AMETHYSTS,9995,30,0.0,0.0,0.0,0.0,10005,30,0.0,0.0,0.0,0.0,10000.0,0.0,9995.0,10005.0
172,0,8600,AMETHYSTS,9996,1,9995.0,22.0,0.0,0.0,10004,1,10005.0,22.0,0.0,0.0,10000.0,0.0,9995.04347826087,10004.95652173913
173,0,8600,STARFRUIT,5031,23,0.0,0.0,0.0,0.0,5036,4,5037.0,1.0,5038.0,22.0,5033.5,0.0,5031.0,5037.666666666667
174,0,8700,AMETHYSTS,9996,1,9995.0,29.0,0.0,0.0,10004,1,10005.0,29.0,0.0,0.0,10000.0,0.0,9995.033333333333,10004.966666666667
175,0,8700,STARFRUIT,5030,30,0.0,0.0,0.0,0.0,5035,6,5037.0,30.0,0.0,0.0,5032.5,0.0,5030.0,5036.666666666667
176,0,8800,AMETHYSTS,9995,23,0.0,0.0,0.0,0.0,9998,12,10005.0,23.0,0.0,0.0,9996.5,0.0,9995.0,10002.6
177,0,8800,STARFRUIT,5031,1,5030.0,23.0,0.0,0.0,5037,23,0.0,0.0,0.0,0.0,5034.0,0.0,5030.041666666667,5037.0
178,0,8900,STARFRUIT,5030,27,0.0,0.0,0.0,0.0,5037,27,0.0,0.0,0.0,0.0,5033.5,0.0,5030.0,5037.0
179,0,8900,AMETHYSTS,10002,5,9996.0,1.0,9995.0,26.0,10004,1,10005.0,26.0,0.0,0.0,10003.0,0.0,9996.125,10004.962962962964
180,0,9000,AMETHYSTS,9995,23,0.0,0.0,0.0,0.0,10002,7,10005.0,23.0,0.0,0.0,9998.5,0.0,9995.0,10004.3
181,0,9000,STARFRUIT,5030,23,0.0,0.0,0.0,0.0,5037,23,0.0,0.0,0.0,0.0,5033.5,0.0,5030.0,5037.0
182,0,9100,AMETHYSTS,9996,1,9995.0,30.0,0.0,0.0,10004,1,10005.0,30.0,0.0,0.0,10000.0,0.0,9995.032258064517,10004.967741935483
183,0,9100,STARFRUIT,5030,1,5029.0,30.0,0.0,0.0,5036,31,0.0,0.0,0.0,0.0,5033.0,0.0,5029.032258064516,5036.0
184,0,9200,AMETHYSTS,9995,24,0.0,0.0,0.0,0.0,10002,3,10005.0,24.0,0.0,0.0,9998.5,0.0,9995.0,10004.666666666666
185,0,9200,STARFRUIT,5029,24,0.0,0.0,0.0,0.0,5034,7,5036.0,24.0,0.0,0.0,5031.5,0.0,5029.0,5035.548387096775
186,0,9300,STARFRUIT,5034,4,5030.0,5.0,5029.0,23.0,5036,23,0.0,0.0,0.0,0.0,5035.0,0.0,5029.78125,5036.0
187,0,9300,AMETHYSTS,9995,23,0.0,0.0,0.0,0.0,10005,23,0.0,0.0,0.0,0.0,10000.0,0.0,9995.0,10005.0
188,0,9400,AMETHYSTS,9996,2,9995.0,22.0,0.0,0.0,10004,2,10005.0,22.0,0.0,0.0,10000.0,0.0,9995.083333333334,10004.916666666666
189,0,9400,STARFRUIT,5030,24,0.0,0.0,0.0,0.0,5036,2,5037.0,22.0,0.0,0.0,5033.0,0.0,5030.0,5036.916666666667
190,0,9500,AMETHYSTS,9998,9,9996.0,1.0,9995.0,28.0,10004,1,10005.0,28.0,0.0,0.0,10001.0,0.0,9995.736842105263,10004.965517241379
191,0,9500,STARFRUIT,5030,1,5029.0,28.0,0.0,0.0,5034,4,5036.0,29.0,0.0,0.0,5032.0,0.0,5029.0344827586205,5035.757575757576
192,0,9600,AMETHYSTS,9995,20,0.0,0.0,0.0,0.0,10005,20,0.0,0.0,0.0,0.0,10000.0,0.0,9995.0,10005.0
193,0,9600,STARFRUIT,5029,20,0.0,0.0,0.0,0.0,5030,6,5036.0,20.0,0.0,0.0,5029.5,0.0,5029.0,5034.615384615385
194,0,9700,STARFRUIT,5029,25,0.0,0.0,0.0,0.0,5036,25,0.0,0.0,0.0,0.0,5032.5,0.0,5029.0,5036.0
195,0,9700,AMETHYSTS,9998,3,9995.0,25.0,0.0,0.0,10005,25,0.0,0.0,0.0,0.0,10001.5,0.0,9995.32142857143,10005.0
196,0,9800,AMETHYSTS,9995,21,0.0,0.0,0.0,0.0,10002,5,10005.0,21.0,0.0,0.0,9998.5,0.0,9995.0,10004.423076923076
197,0,9800,STARFRUIT,5029,21,0.0,0.0,0.0,0.0,5036,21,0.0,0.0,0.0,0.0,5032.5,0.0,5029.0,5036.0
198,0,9900,AMETHYSTS,9995,22,0.0,0.0,0.0,0.0,10005,22,0.0,0.0,0.0,0.0,10000.0,0.0,9995.0,10005.0
199,0,9900,STARFRUIT,5029,22,0.0,0.0,0.0,0.0,5036,22,0.0,0.0,0.0,0.0,5032.5,0.0,5029.0,5036.0
200,0,10000,AMETHYSTS,9998,8,9996.0,2.0,9995.0,29.0,10004,2,10005.0,29.0,0.0,0.0,10001.0,0.0,9995.666666666666,10004.935483870968
201,0,10000,STARFRUIT,5029,31,0.0,0.0,0.0,0.0,5036,31,0.0,0.0,0.0,0.0,5032.5,0.0,5029.0,5036.0
202,0,10100,STARFRUIT,5033,4,5028.0,22.0,0.0,0.0,5035,22,0.0,0.0,0.0,0.0,5034.0,0.0,5028.7692307692305,5035.0
203,0,10100,AMETHYSTS,9995,22,0.0,0.0,0.0,0.0,10005,22,0.0,0.0,0.0,0.0,10000.0,0.0,9995.0,10005.0
204,0,10200,AMETHYSTS,9996,2,9995.0,23.0,0.0,0.0,10004,2,10005.0,23.0,0.0,0.0,10000.0,0.0,9995.08,10004.92
205,0,10200,STARFRUIT,5028,25,0.0,0.0,0.0,0.0,5035,25,0.0,0.0,0.0,0.0,5031.5,0.0,5028.0,5035.0
206,0,10300,AMETHYSTS,9996,2,9995.0,20.0,0.0,0.0,10004,2,10005.0,20.0,0.0,0.0,10000.0,0.0,9995.09090909091,10004.90909090909
207,0,10300,STARFRUIT,5029,22,0.0,0.0,0.0,0.0,5035,2,5036.0,20.0,0.0,0.0,5032.0,0.0,5029.0,5035.909090909091
208,0,10400,AMETHYSTS,9995,30,0.0,0.0,0.0,0.0,10005,30,0.0,0.0,0.0,0.0,10000.0,0.0,9995.0,10005.0
209,0,10400,STARFRUIT,5029,30,0.0,0.0,0.0,0.0,5034,5,5036.0,30.0,0.0,0.0,5031.5,0.0,5029.0,5035.714285714285
210,0,10500,STARFRUIT,5030,1,5029.0,27.0,0.0,0.0,5036,1,5037.0,27.0,0.0,0.0,5033.0,0.0,5029.035714285715,5036.964285714285
211,0,10500,AMETHYSTS,9998,4,9996.0,1.0,9995.0,27.0,10004,1,10005.0,27.0,0.0,0.0,10001.0,0.0,9995.40625,10004.964285714286
212,0,10600,AMETHYSTS,9995,23,0.0,0.0,0.0,0.0,9998,2,10002.0,6.0,10005.0,23.0,9996.5,0.0,9995.0,10003.967741935483
213,0,10600,STARFRUIT,5029,23,0.0,0.0,0.0,0.0,5034,3,5036.0,23.0,0.0,0.0,5031.5,0.0,5029.0,5035.7692307692305
214,0,10700,AMETHYSTS,9998,1,9995.0,23.0,0.0,0.0,10005,23,0.0,0.0,0.0,0.0,10001.5,0.0,9995.125,10005.0
215,0,10700,STARFRUIT,5029,23,0.0,0.0,0.0,0.0,5036,23,0.0,0.0,0.0,0.0,5032.5,0.0,5029.0,5036.0
216,0,10800,AMETHYSTS,10002,1,9998.0,4.0,9995.0,23.0,10005,23,0.0,0.0,0.0,0.0,10003.5,0.0,9995.67857142857,10005.0
217,0,10800,STARFRUIT,5029,22,0.0,0.0,0.0,0.0,5036,23,0.0,0.0,0.0,0.0,5032.5,0.0,5029.0,5036.0
218,0,10900,STARFRUIT,5029,1,5028.0,29.0,0.0,0.0,5035,30,0.0,0.0,0.0,0.0,5032.0,0.0,5028.033333333334,5035.0
219,0,10900,AMETHYSTS,9996,1,9995.0,29.0,0.0,0.0,10004,1,10005.0,29.0,0.0,0.0,10000.0,0.0,9995.033333333333,10004.966666666667
220,0,11000,AMETHYSTS,9996,1,9995.0,29.0,0.0,0.0,10004,1,10005.0,29.0,0.0,0.0,10000.0,0.0,9995.033333333333,10004.966666666667
221,0,11000,STARFRUIT,5028,30,0.0,0.0,0.0,0.0,5035,30,0.0,0.0,0.0,0.0,5031.5,0.0,5028.0,5035.0
222,0,11100,AMETHYSTS,9996,2,9995.0,29.0,0.0,0.0,10002,4,10004.0,2.0,10005.0,29.0,9999.0,0.0,9995.064516129032,10004.6
223,0,11100,STARFRUIT,5028,31,0.0,0.0,0.0,0.0,5034,2,5035.0,29.0,0.0,0.0,5031.0,0.0,5028.0,5034.935483870968
224,0,11200,AMETHYSTS,10002,1,9996.0,1.0,9995.0,28.0,10004,1,10005.0,28.0,0.0,0.0,10003.0,0.0,9995.266666666666,10004.965517241379
225,0,11200,STARFRUIT,5028,1,5027.0,28.0,0.0,0.0,5034,29,0.0,0.0,0.0,0.0,5031.0,0.0,5027.0344827586205,5034.0
226,0,11300,STARFRUIT,5027,27,0.0,0.0,0.0,0.0,5034,27,0.0,0.0,0.0,0.0,5030.5,0.0,5027.0,5034.0
227,0,11300,AMETHYSTS,9996,1,9995.0,26.0,0.0,0.0,10004,1,10005.0,26.0,0.0,0.0,10000.0,0.0,9995.037037037036,10004.962962962964
228,0,11400,AMETHYSTS,9998,2,9996.0,1.0,9995.0,23.0,10004,1,10005.0,23.0,0.0,0.0,10001.0,0.0,9995.26923076923,10004.958333333334
229,0,11400,STARFRUIT,5027,24,0.0,0.0,0.0,0.0,5034,24,0.0,0.0,0.0,0.0,5030.5,0.0,5027.0,5034.0
230,0,11500,AMETHYSTS,9998,1,9996.0,1.0,9995.0,28.0,10004,1,10005.0,28.0,0.0,0.0,10001.0,0.0,9995.133333333333,10004.965517241379
231,0,11500,STARFRUIT,5028,7,5027.0,29.0,0.0,0.0,5034,29,0.0,0.0,0.0,0.0,5031.0,0.0,5027.194444444444,5034.0
232,0,11600,AMETHYSTS,9995,26,0.0,0.0,0.0,0.0,10005,26,0.0,0.0,0.0,0.0,10000.0,0.0,9995.0,10005.0
233,0,11600,STARFRUIT,5027,26,0.0,0.0,0.0,0.0,5032,6,5034.0,26.0,0.0,0.0,5029.5,0.0,5027.0,5033.625
234,0,11700,STARFRUIT,5027,1,5026.0,21.0,0.0,0.0,5033,22,0.0,0.0,0.0,0.0,5030.0,0.0,5026.045454545455,5033.0
235,0,11700,AMETHYSTS,9996,1,9995.0,21.0,0.0,0.0,10004,1,10005.0,21.0,0.0,0.0,10000.0,0.0,9995.045454545454,10004.954545454546
236,0,11800,AMETHYSTS,9995,21,0.0,0.0,0.0,0.0,10005,21,0.0,0.0,0.0,0.0,10000.0,0.0,9995.0,10005.0
237,0,11800,STARFRUIT,5026,21,0.0,0.0,0.0,0.0,5033,21,0.0,0.0,0.0,0.0,5029.5,0.0,5026.0,5033.0
238,0,11900,AMETHYSTS,9995,25,0.0,0.0,0.0,0.0,10005,25,0.0,0.0,0.0,0.0,10000.0,0.0,9995.0,10005.0
239,0,11900,STARFRUIT,5025,25,0.0,0.0,0.0,0.0,5032,25,0.0,0.0,0.0,0.0,5028.5,0.0,5025.0,5032.0
240,0,12000,STARFRUIT,5025,25,0.0,0.0,0.0,0.0,5032,25,0.0,0.0,0.0,0.0,5028.5,0.0,5025.0,5032.0
241,0,12000,AMETHYSTS,9995,25,0.0,0.0,0.0,0.0,10005,25,0.0,0.0,0.0,0.0,10000.0,0.0,9995.0,10005.0
242,0,12100,STARFRUIT,5026,2,5025.0,20.0,0.0,0.0,5032,22,0.0,0.0,0.0,0.0,5029.0,0.0,5025.090909090909,5032.0
243,0,12100,AMETHYSTS,9996,2,9995.0,20.0,0.0,0.0,10002,3,10004.0,2.0,10005.0,20.0,9999.0,0.0,9995.09090909091,10004.56
244,0,12200,STARFRUIT,5025,28,0.0,0.0,0.0,0.0,5032,28,0.0,0.0,0.0,0.0,5028.5,0.0,5025.0,5032.0
245,0,12200,AMETHYSTS,9998,10,9996.0,2.0,9995.0,26.0,10004,2,10005.0,26.0,0.0,0.0,10001.0,0.0,9995.842105263158,10004.92857142857
246,0,12300,AMETHYSTS,9996,1,9995.0,23.0,0.0,0.0,10000,5,10004.0,1.0,10005.0,23.0,9998.0,0.0,9995.041666666666,10004.103448275862
247,0,12300,STARFRUIT,5026,5,5025.0,23.0,0.0,0.0,5028,6,5032.0,24.0,0.0,0.0,5027.0,0.0,5025.178571428572,5031.2
248,0,12400,STARFRUIT,5026,30,0.0,0.0,0.0,0.0,5032,1,5033.0,29.0,0.0,0.0,5029.0,0.0,5026.0,5032.966666666666
249,0,12400,AMETHYSTS,9996,1,9995.0,29.0,0.0,0.0,10004,1,10005.0,29.0,0.0,0.0,10000.0,0.0,9995.033333333333,10004.966666666667
250,0,12500,STARFRUIT,5026,31,0.0,0.0,0.0,0.0,5031,8,5033.0,31.0,0.0,0.0,5028.5,0.0,5026.0,5032.589743589743
251,0,12500,AMETHYSTS,10002,5,9996.0,2.0,9995.0,29.0,10004,2,10005.0,29.0,0.0,0.0,10003.0,0.0,9996.027777777777,10004.935483870968
252,0,12600,STARFRUIT,5026,31,0.0,0.0,0.0,0.0,5033,31,0.0,0.0,0.0,0.0,5029.5,0.0,5026.0,5033.0
253,0,12600,AMETHYSTS,9998,5,9996.0,1.0,9995.0,30.0,10004,1,10005.0,30.0,0.0,0.0,10001.0,0.0,9995.444444444445,10004.967741935483
254,0,12700,AMETHYSTS,9996,2,9995.0,29.0,0.0,0.0,10004,2,10005.0,29.0,0.0,0.0,10000.0,0.0,9995.064516129032,10004.935483870968
255,0,12700,STARFRUIT,5027,31,0.0,0.0,0.0,0.0,5034,31,0.0,0.0,0.0,0.0,5030.5,0.0,5027.0,5034.0
256,0,12800,STARFRUIT,5027,31,0.0,0.0,0.0,0.0,5032,3,5034.0,31.0,0.0,0.0,5029.5,0.0,5027.0,5033.823529411765
257,0,12800,AMETHYSTS,9996,1,9995.0,30.0,0.0,0.0,10002,3,10004.0,1.0,10005.0,30.0,9999.0,0.0,9995.032258064517,10004.70588235294
258,0,12900,STARFRUIT,5027,24,0.0,0.0,0.0,0.0,5032,4,5034.0,24.0,0.0,0.0,5029.5,0.0,5027.0,5033.714285714285
259,0,12900,AMETHYSTS,9995,24,0.0,0.0,0.0,0.0,10005,24,0.0,0.0,0.0,0.0,10000.0,0.0,9995.0,10005.0
260,0,13000,STARFRUIT,5027,27,0.0,0.0,0.0,0.0,5034,27,0.0,0.0,0.0,0.0,5030.5,0.0,5027.0,5034.0
261,0,13000,AMETHYSTS,9995,27,0.0,0.0,0.0,0.0,10005,27,0.0,0.0,0.0,0.0,10000.0,0.0,9995.0,10005.0
262,0,13100,AMETHYSTS,9996,2,9995.0,28.0,0.0,0.0,10004,2,10005.0,28.0,0.0,0.0,10000.0,0.0,9995.066666666668,10004.933333333332
263,0,13100,STARFRUIT,5032,2,5029.0,7.0,5028.0,30.0,5034,2,5035.0,28.0,0.0,0.0,5033.0,0.0,5028.384615384615,5034.933333333333
264,0,13200,STARFRUIT,5028,28,0.0,0.0,0.0,0.0,5033,3,5035.0,28.0,0.0,0.0,5030.5,0.0,5028.0,5034.806451612903
265,0,13200,AMETHYSTS,9995,28,0.0,0.0,0.0,0.0,10005,28,0.0,0.0,0.0,0.0,10000.0,0.0,9995.0,10005.0
266,0,13300,STARFRUIT,5028,28,0.0,0.0,0.0,0.0,5033,6,5035.0,28.0,0.0,0.0,5030.5,0.0,5028.0,5034.64705882353
267,0,13300,AMETHYSTS,9996,2,9995.0,26.0,0.0,0.0,10004,2,10005.0,26.0,0.0,0.0,10000.0,0.0,9995.07142857143,10004.92857142857
268,0,13400,STARFRUIT,5029,8,5028.0,26.0,0.0,0.0,5035,26,0.0,0.0,0.0,0.0,5032.0,0.0,5028.235294117647,5035.0
269,0,13400,AMETHYSTS,10002,1,9996.0,1.0,9995.0,25.0,10004,1,10005.0,25.0,0.0,0.0,10003.0,0.0,9995.296296296296,10004.961538461539
270,0,13500,AMETHYSTS,9996,1,9995.0,29.0,0.0,0.0,10002,9,10004.0,1.0,10005.0,29.0,9999.0,0.0,9995.033333333333,10004.28205128205
271,0,13500,STARFRUIT,5029,5,5028.0,30.0,0.0,0.0,5035,30,0.0,0.0,0.0,0.0,5032.0,0.0,5028.142857142857,5035.0
272,0,13600,STARFRUIT,5033,5,5028.0,25.0,0.0,0.0,5035,25,0.0,0.0,0.0,0.0,5034.0,0.0,5028.833333333333,5035.0
273,0,13600,AMETHYSTS,9996,2,9995.0,23.0,0.0,0.0,10004,2,10005.0,23.0,0.0,0.0,10000.0,0.0,9995.08,10004.92
274,0,13700,STARFRUIT,5031,3,5029.0,2.0,5028.0,28.0,5035,30,0.0,0.0,0.0,0.0,5033.0,0.0,5028.333333333333,5035.0
275,0,13700,AMETHYSTS,10000,2,9996.0,2.0,9995.0,28.0,10002,7,10004.0,2.0,10005.0,28.0,10001.0,0.0,9995.375,10004.378378378378
276,0,13800,STARFRUIT,5029,1,5028.0,24.0,0.0,0.0,5035,25,0.0,0.0,0.0,0.0,5032.0,0.0,5028.04,5035.0
277,0,13800,AMETHYSTS,9996,1,9995.0,24.0,0.0,0.0,10004,1,10005.0,24.0,0.0,0.0,10000.0,0.0,9995.04,10004.96
278,0,13900,AMETHYSTS,9995,20,0.0,0.0,0.0,0.0,10002,2,10005.0,20.0,0.0,0.0,9998.5,0.0,9995.0,10004.727272727272
279,0,13900,STARFRUIT,5029,20,0.0,0.0,0.0,0.0,5036,20,0.0,0.0,0.0,0.0,5032.5,0.0,5029.0,5036.0
280,0,14000,STARFRUIT,5035,1,5030.0,1.0,5029.0,26.0,5036,27,0.0,0.0,0.0,0.0,5035.5,0.0,5029.25,5036.0
281,0,14000,AMETHYSTS,9996,1,9995.0,26.0,0.0,0.0,10004,1,10005.0,26.0,0.0,0.0,10000.0,0.0,9995.037037037036,10004.962962962964
282,0,14100,STARFRUIT,5032,3,5029.0,24.0,0.0,0.0,5036,24,0.0,0.0,0.0,0.0,5034.0,0.0,5029.333333333333,5036.0
283,0,14100,AMETHYSTS,10000,3,9996.0,2.0,9995.0,22.0,10004,2,10005.0,22.0,0.0,0.0,10002.0,0.0,9995.62962962963,10004.916666666666
284,0,14200,STARFRUIT,5029,24,0.0,0.0,0.0,0.0,5036,24,0.0,0.0,0.0,0.0,5032.5,0.0,5029.0,5036.0
285,0,14200,AMETHYSTS,9996,2,9995.0,22.0,0.0,0.0,10004,2,10005.0,22.0,0.0,0.0,10000.0,0.0,9995.083333333334,10004.916666666666
286,0,14300,AMETHYSTS,9996,2,9995.0,28.0,0.0,0.0,10004,2,10005.0,28.0,0.0,0.0,10000.0,0.0,9995.066666666668,10004.933333333332
287,0,14300,STARFRUIT,5029,1,5028.0,28.0,0.0,0.0,5035,30,0.0,0.0,0.0,0.0,5032.0,0.0,5028.0344827586205,5035.0
288,0,14400,STARFRUIT,5029,23,0.0,0.0,0.0,0.0,5034,4,5036.0,23.0,0.0,0.0,5031.5,0.0,5029.0,5035.7037037037035
289,0,14400,AMETHYSTS,9998,9,9996.0,1.0,9995.0,22.0,10004,1,10005.0,22.0,0.0,0.0,10001.0,0.0,9995.875,10004.95652173913
290,0,14500,AMETHYSTS,9996,1,9995.0,22.0,0.0,0.0,10000,2,10004.0,1.0,10005.0,22.0,9998.0,0.0,9995.04347826087,10004.56
291,0,14500,STARFRUIT,5029,22,0.0,0.0,0.0,0.0,5032,2,5034.0,1.0,5036.0,23.0,5030.5,0.0,5029.0,5035.615384615385
292,0,14600,AMETHYSTS,9995,21,0.0,0.0,0.0,0.0,10002,3,10005.0,21.0,0.0,0.0,9998.5,0.0,9995.0,10004.625
293,0,14600,STARFRUIT,5028,21,0.0,0.0,0.0,0.0,5036,21,0.0,0.0,0.0,0.0,5032.0,0.0,5028.0,5036.0
294,0,14700,AMETHYSTS,9998,5,9996.0,2.0,9995.0,24.0,10004,2,10005.0,24.0,0.0,0.0,10001.0,0.0,9995.548387096775,10004.923076923076
295,0,14700,STARFRUIT,5029,26,0.0,0.0,0.0,0.0,5035,2,5036.0,24.0,0.0,0.0,5032.0,0.0,5029.0,5035.923076923077
296,0,14800,STARFRUIT,5029,1,5028.0,21.0,0.0,0.0,5033,5,5035.0,23.0,0.0,0.0,5031.0,0.0,5028.045454545455,5034.642857142857
297,0,14800,AMETHYSTS,9996,2,9995.0,21.0,0.0,0.0,10004,2,10005.0,21.0,0.0,0.0,10000.0,0.0,9995.08695652174,10004.91304347826
298,0,14900,AMETHYSTS,9996,2,9995.0,28.0,0.0,0.0,10002,8,10004.0,2.0,10005.0,28.0,9999.0,0.0,9995.066666666668,10004.315789473685
299,0,14900,STARFRUIT,5028,30,0.0,0.0,0.0,0.0,5035,30,0.0,0.0,0.0,0.0,5031.5,0.0,5028.0,5035.0
300,0,15000,AMETHYSTS,9996,1,9995.0,22.0,0.0,0.0,10004,1,10005.0,22.0,0.0,0.0,10000.0,0.0,9995.04347826087,10004.95652173913
301,0,15000,STARFRUIT,5028,22,0.0,0.0,0.0,0.0,5035,23,0.0,0.0,0.0,0.0,5031.5,0.0,5028.0,5035.0
302,0,15100,AMETHYSTS,10002,1,9996.0,1.0,9995.0,25.0,10004,1,10005.0,25.0,0.0,0.0,10003.0,0.0,9995.296296296296,10004.961538461539
303,0,15100,STARFRUIT,5033,1,5028.0,26.0,0.0,0.0,5035,26,0.0,0.0,0.0,0.0,5034.0,0.0,5028.185185185185,5035.0
304,0,15200,STARFRUIT,5029,1,5028.0,25.0,0.0,0.0,5031,4,5035.0,25.0,0.0,0.0,5030.0,0.0,5028.038461538462,5034.448275862069
305,0,15200,AMETHYSTS,9998,3,9996.0,2.0,9995.0,23.0,10000,4,10004.0,2.0,10005.0,23.0,9999.0,0.0,9995.392857142857,10004.241379310344
306,0,15300,AMETHYSTS,9998,3,9996.0,2.0,9995.0,22.0,10004,2,10005.0,22.0,0.0,0.0,10001.0,0.0,9995.407407407407,10004.916666666666
307,0,15300,STARFRUIT,5028,6,5027.0,22.0,0.0,0.0,5034,2,5035.0,22.0,0.0,0.0,5031.0,0.0,5027.214285714285,5034.916666666667
308,0,15400,AMETHYSTS,9996,2,9995.0,24.0,0.0,0.0,10002,4,10004.0,2.0,10005.0,24.0,9999.0,0.0,9995.076923076924,10004.533333333333
309,0,15400,STARFRUIT,5028,2,5027.0,24.0,0.0,0.0,5032,3,5034.0,26.0,0.0,0.0,5030.0,0.0,5027.076923076923,5033.793103448276
310,0,15500,AMETHYSTS,9998,5,9995.0,20.0,0.0,0.0,10005,20,0.0,0.0,0.0,0.0,10001.5,0.0,9995.6,10005.0
311,0,15500,STARFRUIT,5028,20,0.0,0.0,0.0,0.0,5033,5,5035.0,20.0,0.0,0.0,5030.5,0.0,5028.0,5034.6
312,0,15600,STARFRUIT,5029,8,5028.0,24.0,0.0,0.0,5034,1,5035.0,23.0,0.0,0.0,5031.5,0.0,5028.25,5034.958333333333
313,0,15600,AMETHYSTS,9996,1,9995.0,23.0,0.0,0.0,10004,1,10005.0,23.0,0.0,0.0,10000.0,0.0,9995.041666666666,10004.958333333334
314,0,15700,AMETHYSTS,9996,2,9995.0,20.0,0.0,0.0,10004,2,10005.0,20.0,0.0,0.0,10000.0,0.0,9995.09090909091,10004.90909090909
315,0,15700,STARFRUIT,5028,22,0.0,0.0,0.0,0.0,5034,2,5035.0,20.0,0.0,0.0,5031.0,0.0,5028.0,5034.909090909091
316,0,15800,AMETHYSTS,9998,5,9996.0,2.0,9995.0,24.0,10004,2,10005.0,24.0,0.0,0.0,10001.0,0.0,9995.548387096775,10004.923076923076
317,0,15800,STARFRUIT,5028,26,0.0,0.0,0.0,0.0,5033,3,5035.0,26.0,0.0,0.0,5030.5,0.0,5028.0,5034.793103448276
318,0,15900,AMETHYSTS,9998,10,9995.0,27.0,0.0,0.0,10005,27,0.0,0.0,0.0,0.0,10001.5,0.0,9995.81081081081,10005.0
319,0,15900,STARFRUIT,5028,27,0.0,0.0,0.0,0.0,5035,27,0.0,0.0,0.0,0.0,5031.5,0.0,5028.0,5035.0
320,0,16000,STARFRUIT,5030,8,5029.0,27.0,0.0,0.0,5036,27,0.0,0.0,0.0,0.0,5033.0,0.0,5029.228571428572,5036.0
321,0,16000,AMETHYSTS,9996,2,9995.0,25.0,0.0,0.0,10002,7,10004.0,2.0,10005.0,25.0,9999.0,0.0,9995.074074074075,10004.323529411764
322,0,16100,AMETHYSTS,9998,4,9995.0,29.0,0.0,0.0,10005,29,0.0,0.0,0.0,0.0,10001.5,0.0,9995.363636363636,10005.0
323,0,16100,STARFRUIT,5029,29,0.0,0.0,0.0,0.0,5036,29,0.0,0.0,0.0,0.0,5032.5,0.0,5029.0,5036.0
324,0,16200,AMETHYSTS,9995,21,0.0,0.0,0.0,0.0,10005,21,0.0,0.0,0.0,0.0,10000.0,0.0,9995.0,10005.0
325,0,16200,STARFRUIT,5033,4,5029.0,21.0,0.0,0.0,5034,3,5036.0,21.0,0.0,0.0,5033.5,0.0,5029.64,5035.75
326,0,16300,AMETHYSTS,9996,2,9995.0,29.0,0.0,0.0,10002,2,10004.0,2.0,10005.0,29.0,9999.0,0.0,9995.064516129032,10004.757575757576
327,0,16300,STARFRUIT,5029,31,0.0,0.0,0.0,0.0,5034,2,5036.0,31.0,0.0,0.0,5031.5,0.0,5029.0,5035.878787878788
328,0,16400,AMETHYSTS,9996,2,9995.0,22.0,0.0,0.0,9998,1,10004.0,2.0,10005.0,22.0,9997.0,0.0,9995.083333333334,10004.64
329,0,16400,STARFRUIT,5028,24,0.0,0.0,0.0,0.0,5030,4,5035.0,24.0,0.0,0.0,5029.0,0.0,5028.0,5034.285714285715
330,0,16500,AMETHYSTS,9996,2,9995.0,25.0,0.0,0.0,10004,2,10005.0,25.0,0.0,0.0,10000.0,0.0,9995.074074074075,10004.925925925925
331,0,16500,STARFRUIT,5028,27,0.0,0.0,0.0,0.0,5033,6,5034.0,2.0,5035.0,25.0,5030.5,0.0,5028.0,5034.575757575758
332,0,16600,AMETHYSTS,9996,2,9995.0,23.0,0.0,0.0,10004,2,10005.0,23.0,0.0,0.0,10000.0,0.0,9995.08,10004.92
333,0,16600,STARFRUIT,5028,25,0.0,0.0,0.0,0.0,5034,2,5035.0,23.0,0.0,0.0,5031.0,0.0,5028.0,5034.92
334,0,16700,STARFRUIT,5028,23,0.0,0.0,0.0,0.0,5035,24,0.0,0.0,0.0,0.0,5031.5,0.0,5028.0,5035.0
335,0,16700,AMETHYSTS,10002,3,9996.0,1.0,9995.0,23.0,10004,1,10005.0,23.0,0.0,0.0,10003.0,0.0,9995.814814814816,10004.958333333334
336,0,16800,AMETHYSTS,9996,2,9995.0,30.0,0.0,0.0,10002,5,10004.0,2.0,10005.0,30.0,9999.0,0.0,9995.0625,10004.54054054054
337,0,16800,STARFRUIT,5028,32,0.0,0.0,0.0,0.0,5035,32,0.0,0.0,0.0,0.0,5031.5,0.0,5028.0,5035.0
338,0,16900,AMETHYSTS,9996,1,9995.0,23.0,0.0,0.0,10004,1,10005.0,23.0,0.0,0.0,10000.0,0.0,9995.041666666666,10004.958333333334
339,0,16900,STARFRUIT,5029,6,5028.0,24.0,0.0,0.0,5035,24,0.0,0.0,0.0,0.0,5032.0,0.0,5028.2,5035.0
340,0,17000,AMETHYSTS,9995,23,0.0,0.0,0.0,0.0,10005,23,0.0,0.0,0.0,0.0,10000.0,0.0,9995.0,10005.0
341,0,17000,STARFRUIT,5028,23,0.0,0.0,0.0,0.0,5035,23,0.0,0.0,0.0,0.0,5031.5,0.0,5028.0,5035.0
342,0,17100,STARFRUIT,5027,30,0.0,0.0,0.0,0.0,5034,31,0.0,0.0,0.0,0.0,5030.5,0.0,5027.0,5034.0
343,0,17100,AMETHYSTS,9998,6,9996.0,1.0,9995.0,30.0,10004,1,10005.0,30.0,0.0,0.0,10001.0,0.0,9995.513513513513,10004.967741935483
344,0,17200,AMETHYSTS,9998,6,9996.0,2.0,9995.0,24.0,10004,2,10005.0,24.0,0.0,0.0,10001.0,0.0,9995.625,10004.923076923076
345,0,17200,STARFRUIT,5027,26,0.0,0.0,0.0,0.0,5034,26,0.0,0.0,0.0,0.0,5030.5,0.0,5027.0,5034.0
346,0,17300,AMETHYSTS,9995,28,0.0,0.0,0.0,0.0,9998,1,10002.0,3.0,10005.0,28.0,9996.5,0.0,9995.0,10004.5
347,0,17300,STARFRUIT,5026,28,0.0,0.0,0.0,0.0,5031,2,5033.0,28.0,0.0,0.0,5028.5,0.0,5026.0,5032.866666666667
348,0,17400,AMETHYSTS,9996,1,9995.0,24.0,0.0,0.0,10004,1,10005.0,24.0,0.0,0.0,10000.0,0.0,9995.04,10004.96
349,0,17400,STARFRUIT,5026,5,5025.0,24.0,0.0,0.0,5032,25,0.0,0.0,0.0,0.0,5029.0,0.0,5025.172413793103,5032.0
350,0,17500,STARFRUIT,5026,24,0.0,0.0,0.0,0.0,5033,24,0.0,0.0,0.0,0.0,5029.5,0.0,5026.0,5033.0
351,0,17500,AMETHYSTS,9996,1,9995.0,23.0,0.0,0.0,10004,1,10005.0,23.0,0.0,0.0,10000.0,0.0,9995.041666666666,10004.958333333334
352,0,17600,AMETHYSTS,9995,27,0.0,0.0,0.0,0.0,10005,27,0.0,0.0,0.0,0.0,10000.0,0.0,9995.0,10005.0
353,0,17600,STARFRUIT,5026,27,0.0,0.0,0.0,0.0,5033,27,0.0,0.0,0.0,0.0,5029.5,0.0,5026.0,5033.0
354,0,17700,AMETHYSTS,9996,1,9995.0,23.0,0.0,0.0,10004,1,10005.0,23.0,0.0,0.0,10000.0,0.0,9995.041666666666,10004.958333333334
355,0,17700,STARFRUIT,5026,24,0.0,0.0,0.0,0.0,5033,24,0.0,0.0,0.0,0.0,5029.5,0.0,5026.0,5033.0
356,0,17800,AMETHYSTS,9995,23,0.0,0.0,0.0,0.0,10005,23,0.0,0.0,0.0,0.0,10000.0,0.0,9995.0,10005.0
357,0,17800,STARFRUIT,5026,23,0.0,0.0,0.0,0.0,5033,23,0.0,0.0,0.0,0.0,5029.5,0.0,5026.0,5033.0
358,0,17900,STARFRUIT,5026,30,0.0,0.0,0.0,0.0,5033,30,0.0,0.0,0.0,0.0,5029.5,0.0,5026.0,5033.0
359,0,17900,AMETHYSTS,9998,8,9996.0,1.0,9995.0,29.0,10004,1,10005.0,29.0,0.0,0.0,10001.0,0.0,9995.657894736842,10004.966666666667
360,0,18000,AMETHYSTS,9998,7,9996.0,2.0,9995.0,26.0,10004,2,10005.0,26.0,0.0,0.0,10001.0,0.0,9995.657142857142,10004.92857142857
361,0,18000,STARFRUIT,5030,5,5026.0,28.0,0.0,0.0,5033,28,0.0,0.0,0.0,0.0,5031.5,0.0,5026.606060606061,5033.0
362,0,18100,AMETHYSTS,9995,21,0.0,0.0,0.0,0.0,10005,21,0.0,0.0,0.0,0.0,10000.0,0.0,9995.0,10005.0
363,0,18100,STARFRUIT,5026,21,0.0,0.0,0.0,0.0,5033,21,0.0,0.0,0.0,0.0,5029.5,0.0,5026.0,5033.0
364,0,18200,AMETHYSTS,9996,1,9995.0,23.0,0.0,0.0,10004,1,10005.0,23.0,0.0,0.0,10000.0,0.0,9995.041666666666,10004.958333333334
365,0,18200,STARFRUIT,5032,1,5028.0,1.0,5027.0,24.0,5033,1,5034.0,23.0,0.0,0.0,5032.5,0.0,5027.2307692307695,5033.958333333333
366,0,18300,STARFRUIT,5028,2,5027.0,29.0,0.0,0.0,5033,2,5034.0,27.0,0.0,0.0,5030.5,0.0,5027.064516129032,5033.931034482759
367,0,18300,AMETHYSTS,9996,2,9995.0,27.0,0.0,0.0,10004,2,10005.0,27.0,0.0,0.0,10000.0,0.0,9995.068965517241,10004.931034482759
368,0,18400,AMETHYSTS,9996,1,9995.0,29.0,0.0,0.0,10004,1,10005.0,29.0,0.0,0.0,10000.0,0.0,9995.033333333333,10004.966666666667
369,0,18400,STARFRUIT,5027,30,0.0,0.0,0.0,0.0,5032,3,5033.0,1.0,5034.0,29.0,5029.5,0.0,5027.0,5033.787878787879
370,0,18500,AMETHYSTS,9998,3,9996.0,2.0,9995.0,30.0,10004,2,10005.0,30.0,0.0,0.0,10001.0,0.0,9995.314285714287,10004.9375
371,0,18500,STARFRUIT,5027,32,0.0,0.0,0.0,0.0,5034,32,0.0,0.0,0.0,0.0,5030.5,0.0,5027.0,5034.0
372,0,18600,AMETHYSTS,9996,1,9995.0,30.0,0.0,0.0,10002,9,10004.0,1.0,10005.0,30.0,9999.0,0.0,9995.032258064517,10004.3
373,0,18600,STARFRUIT,5028,31,0.0,0.0,0.0,0.0,5033,7,5035.0,31.0,0.0,0.0,5030.5,0.0,5028.0,5034.631578947368
374,0,18700,STARFRUIT,5029,2,5028.0,25.0,0.0,0.0,5033,3,5035.0,27.0,0.0,0.0,5031.0,0.0,5028.074074074074,5034.8
375,0,18700,AMETHYSTS,10002,9,9996.0,2.0,9995.0,25.0,10004,2,10005.0,25.0,0.0,0.0,10003.0,0.0,9996.805555555555,10004.925925925925
376,0,18800,AMETHYSTS,9996,2,9995.0,22.0,0.0,0.0,10004,2,10005.0,22.0,0.0,0.0,10000.0,0.0,9995.083333333334,10004.916666666666
377,0,18800,STARFRUIT,5028,24,0.0,0.0,0.0,0.0,5033,8,5035.0,24.0,0.0,0.0,5030.5,0.0,5028.0,5034.5
378,0,18900,AMETHYSTS,9996,1,9995.0,27.0,0.0,0.0,10004,1,10005.0,27.0,0.0,0.0,10000.0,0.0,9995.035714285714,10004.964285714286
379,0,18900,STARFRUIT,5030,4,5029.0,28.0,0.0,0.0,5036,28,0.0,0.0,0.0,0.0,5033.0,0.0,5029.125,5036.0
380,0,19000,AMETHYSTS,9995,25,0.0,0.0,0.0,0.0,10002,7,10005.0,25.0,0.0,0.0,9998.5,0.0,9995.0,10004.34375
381,0,19000,STARFRUIT,5034,5,5029.0,25.0,0.0,0.0,5036,25,0.0,0.0,0.0,0.0,5035.0,0.0,5029.833333333333,5036.0
382,0,19100,STARFRUIT,5030,1,5029.0,28.0,0.0,0.0,5032,5,5034.0,7.0,5036.0,29.0,5031.0,0.0,5029.0344827586205,5035.170731707317
383,0,19100,AMETHYSTS,9996,1,9995.0,28.0,0.0,0.0,10000,5,10004.0,1.0,10005.0,28.0,9998.0,0.0,9995.034482758621,10004.235294117647
384,0,19200,AMETHYSTS,9996,1,9995.0,28.0,0.0,0.0,10002,7,10004.0,1.0,10005.0,28.0,9999.0,0.0,9995.034482758621,10004.388888888889
385,0,19200,STARFRUIT,5030,29,0.0,0.0,0.0,0.0,5037,29,0.0,0.0,0.0,0.0,5033.5,0.0,5030.0,5037.0
386,0,19300,AMETHYSTS,9996,2,9995.0,30.0,0.0,0.0,10004,2,10005.0,30.0,0.0,0.0,10000.0,0.0,9995.0625,10004.9375
387,0,19300,STARFRUIT,5032,5,5031.0,30.0,0.0,0.0,5038,32,0.0,0.0,0.0,0.0,5035.0,0.0,5031.142857142857,5038.0
388,0,19400,AMETHYSTS,9996,1,9995.0,20.0,0.0,0.0,10002,3,10004.0,1.0,10005.0,20.0,9999.0,0.0,9995.047619047618,10004.583333333334
389,0,19400,STARFRUIT,5033,4,5032.0,21.0,0.0,0.0,5038,1,5039.0,20.0,0.0,0.0,5035.5,0.0,5032.16,5038.952380952381
390,0,19500,STARFRUIT,5032,3,5031.0,20.0,0.0,0.0,5038,22,0.0,0.0,0.0,0.0,5035.0,0.0,5031.130434782609,5038.0
391,0,19500,AMETHYSTS,9996,2,9995.0,20.0,0.0,0.0,10004,2,10005.0,20.0,0.0,0.0,10000.0,0.0,9995.09090909091,10004.90909090909
392,0,19600,AMETHYSTS,9996,2,9995.0,29.0,0.0,0.0,10004,2,10005.0,29.0,0.0,0.0,10000.0,0.0,9995.064516129032,10004.935483870968
393,0,19600,STARFRUIT,5032,31,0.0,0.0,0.0,0.0,5038,2,5039.0,29.0,0.0,0.0,5035.0,0.0,5032.0,5038.935483870968
394,0,19700,AMETHYSTS,9996,1,9995.0,24.0,0.0,0.0,10002,2,10004.0,1.0,10005.0,24.0,9999.0,0.0,9995.04,10004.74074074074
395,0,19700,STARFRUIT,5032,25,0.0,0.0,0.0,0.0,5039,25,0.0,0.0,0.0,0.0,5035.5,0.0,5032.0,5039.0
396,0,19800,AMETHYSTS,10002,4,9995.0,20.0,0.0,0.0,10005,20,0.0,0.0,0.0,0.0,10003.5,0.0,9996.166666666666,10005.0
397,0,19800,STARFRUIT,5032,20,0.0,0.0,0.0,0.0,5039,20,0.0,0.0,0.0,0.0,5035.5,0.0,5032.0,5039.0
398,0,19900,STARFRUIT,5033,1,5032.0,27.0,0.0,0.0,5039,28,0.0,0.0,0.0,0.0,5036.0,0.0,5032.035714285715,5039.0
399,0,19900,AMETHYSTS,9996,1,9995.0,27.0,0.0,0.0,10004,1,10005.0,27.0,0.0,0.0,10000.0,0.0,9995.035714285714,10004.964285714286
400,0,20000,AMETHYSTS,9996,1,9995.0,28.0,0.0,0.0,10002,4,10004.0,1.0,10005.0,28.0,9999.0,0.0,9995.034482758621,10004.60606060606
401,0,20000,STARFRUIT,5032,29,0.0,0.0,0.0,0.0,5039,29,0.0,0.0,0.0,0.0,5035.5,0.0,5032.0,5039.0
402,0,20100,AMETHYSTS,9998,9,9996.0,2.0,9995.0,29.0,10004,2,10005.0,29.0,0.0,0.0,10001.0,0.0,9995.725,10004.935483870968
403,0,20100,STARFRUIT,5033,31,0.0,0.0,0.0,0.0,5039,2,5040.0,29.0,0.0,0.0,5036.0,0.0,5033.0,5039.935483870968
404,0,20200,AMETHYSTS,9995,29,0.0,0.0,0.0,0.0,10005,29,0.0,0.0,0.0,0.0,10000.0,0.0,9995.0,10005.0
405,0,20200,STARFRUIT,5032,29,0.0,0.0,0.0,0.0,5039,29,0.0,0.0,0.0,0.0,5035.5,0.0,5032.0,5039.0
406,0,20300,STARFRUIT,5033,2,5032.0,21.0,0.0,0.0,5039,23,0.0,0.0,0.0,0.0,5036.0,0.0,5032.086956521739,5039.0
407,0,20300,AMETHYSTS,9996,2,9995.0,21.0,0.0,0.0,10004,2,10005.0,21.0,0.0,0.0,10000.0,0.0,9995.08695652174,10004.91304347826
408,0,20400,AMETHYSTS,9995,24,0.0,0.0,0.0,0.0,10005,24,0.0,0.0,0.0,0.0,10000.0,0.0,9995.0,10005.0
409,0,20400,STARFRUIT,5032,24,0.0,0.0,0.0,0.0,5039,24,0.0,0.0,0.0,0.0,5035.5,0.0,5032.0,5039.0
410,0,20500,AMETHYSTS,9995,30,0.0,0.0,0.0,0.0,10005,30,0.0,0.0,0.0,0.0,10000.0,0.0,9995.0,10005.0
411,0,20500,STARFRUIT,5037,10,5032.0,30.0,0.0,0.0,5039,30,0.0,0.0,0.0,0.0,5038.0,0.0,5033.25,5039.0
412,0,20600,AMETHYSTS,9996,2,9995.0,21.0,0.0,0.0,10004,2,10005.0,21.0,0.0,0.0,10000.0,0.0,9995.08695652174,10004.91304347826
413,0,20600,STARFRUIT,5033,23,0.0,0.0,0.0,0.0,5040,23,0.0,0.0,0.0,0.0,5036.5,0.0,5033.0,5040.0
414,0,20700,STARFRUIT,5034,1,5033.0,30.0,0.0,0.0,5040,1,5041.0,30.0,0.0,0.0,5037.0,0.0,5033.032258064516,5040.967741935484
415,0,20700,AMETHYSTS,9996,1,9995.0,30.0,0.0,0.0,10002,6,10004.0,1.0,10005.0,30.0,9999.0,0.0,9995.032258064517,10004.486486486487
416,0,20800,AMETHYSTS,9996,2,9995.0,23.0,0.0,0.0,10004,2,10005.0,23.0,0.0,0.0,10000.0,0.0,9995.08,10004.92
417,0,20800,STARFRUIT,5039,1,5034.0,25.0,0.0,0.0,5040,2,5041.0,23.0,0.0,0.0,5039.5,0.0,5034.192307692308,5040.92
418,0,20900,AMETHYSTS,9996,1,9995.0,23.0,0.0,0.0,10004,1,10005.0,23.0,0.0,0.0,10000.0,0.0,9995.041666666666,10004.958333333334
419,0,20900,STARFRUIT,5034,24,0.0,0.0,0.0,0.0,5041,24,0.0,0.0,0.0,0.0,5037.5,0.0,5034.0,5041.0
420,0,21000,STARFRUIT,5034,27,0.0,0.0,0.0,0.0,5041,27,0.0,0.0,0.0,0.0,5037.5,0.0,5034.0,5041.0
421,0,21000,AMETHYSTS,9995,27,0.0,0.0,0.0,0.0,10005,27,0.0,0.0,0.0,0.0,10000.0,0.0,9995.0,10005.0
422,0,21100,STARFRUIT,5034,30,0.0,0.0,0.0,0.0,5041,30,0.0,0.0,0.0,0.0,5037.5,0.0,5034.0,5041.0
423,0,21100,AMETHYSTS,9998,1,9996.0,2.0,9995.0,28.0,10004,2,10005.0,28.0,0.0,0.0,10001.0,0.0,9995.161290322581,10004.933333333332
424,0,21200,STARFRUIT,5034,23,0.0,0.0,0.0,0.0,5041,23,0.0,0.0,0.0,0.0,5037.5,0.0,5034.0,5041.0
425,0,21200,AMETHYSTS,9995,23,0.0,0.0,0.0,0.0,10005,23,0.0,0.0,0.0,0.0,10000.0,0.0,9995.0,10005.0
426,0,21300,AMETHYSTS,9995,29,0.0,0.0,0.0,0.0,10005,29,0.0,0.0,0.0,0.0,10000.0,0.0,9995.0,10005.0
427,0,21300,STARFRUIT,5034,29,0.0,0.0,0.0,0.0,5035,1,5040.0,5.0,5042.0,29.0,5034.5,0.0,5034.0,5041.5142857142855
428,0,21400,STARFRUIT,5034,30,0.0,0.0,0.0,0.0,5041,30,0.0,0.0,0.0,0.0,5037.5,0.0,5034.0,5041.0
429,0,21400,AMETHYSTS,9995,30,0.0,0.0,0.0,0.0,10005,30,0.0,0.0,0.0,0.0,10000.0,0.0,9995.0,10005.0
430,0,21500,STARFRUIT,5035,2,5034.0,22.0,0.0,0.0,5039,5,5041.0,24.0,0.0,0.0,5037.0,0.0,5034.083333333333,5040.6551724137935
431,0,21500,AMETHYSTS,9996,2,9995.0,22.0,0.0,0.0,10004,2,10005.0,22.0,0.0,0.0,10000.0,0.0,9995.083333333334,10004.916666666666
432,0,21600,STARFRUIT,5035,28,0.0,0.0,0.0,0.0,5042,29,0.0,0.0,0.0,0.0,5038.5,0.0,5035.0,5042.0
433,0,21600,AMETHYSTS,10002,1,9995.0,29.0,0.0,0.0,10005,29,0.0,0.0,0.0,0.0,10003.5,0.0,9995.233333333334,10005.0
434,0,21700,AMETHYSTS,9996,1,9995.0,30.0,0.0,0.0,10002,10,10004.0,1.0,10005.0,30.0,9999.0,0.0,9995.032258064517,10004.243902439024
435,0,21700,STARFRUIT,5035,1,5034.0,30.0,0.0,0.0,5041,1,5042.0,30.0,0.0,0.0,5038.0,0.0,5034.032258064516,5041.967741935484
436,0,21800,STARFRUIT,5035,29,0.0,0.0,0.0,0.0,5036,1,5042.0,29.0,0.0,0.0,5035.5,0.0,5035.0,5041.8
437,0,21800,AMETHYSTS,9998,6,9996.0,1.0,9995.0,28.0,10004,1,10005.0,28.0,0.0,0.0,10001.0,0.0,9995.542857142857,10004.965517241379
438,0,21900,STARFRUIT,5036,1,5035.0,30.0,0.0,0.0,5042,30,0.0,0.0,0.0,0.0,5039.0,0.0,5035.032258064516,5042.0
439,0,21900,AMETHYSTS,9996,2,9995.0,28.0,0.0,0.0,10004,2,10005.0,28.0,0.0,0.0,10000.0,0.0,9995.066666666668,10004.933333333332
440,0,22000,STARFRUIT,5036,4,5035.0,24.0,0.0,0.0,5038,2,5042.0,24.0,0.0,0.0,5037.0,0.0,5035.142857142857,5041.692307692308
441,0,22000,AMETHYSTS,9996,1,9995.0,23.0,0.0,0.0,10000,2,10004.0,1.0,10005.0,23.0,9998.0,0.0,9995.041666666666,10004.576923076924
442,0,22100,AMETHYSTS,9996,2,9995.0,23.0,0.0,0.0,10004,2,10005.0,23.0,0.0,0.0,10000.0,0.0,9995.08,10004.92
443,0,22100,STARFRUIT,5035,24,0.0,0.0,0.0,0.0,5042,25,0.0,0.0,0.0,0.0,5038.5,0.0,5035.0,5042.0
444,0,22200,STARFRUIT,5036,1,5035.0,27.0,0.0,0.0,5040,6,5042.0,28.0,0.0,0.0,5038.0,0.0,5035.035714285715,5041.64705882353
445,0,22200,AMETHYSTS,9996,1,9995.0,27.0,0.0,0.0,10002,4,10004.0,1.0,10005.0,27.0,9999.0,0.0,9995.035714285714,10004.59375
446,0,22300,STARFRUIT,5036,30,0.0,0.0,0.0,0.0,5043,30,0.0,0.0,0.0,0.0,5039.5,0.0,5036.0,5043.0
447,0,22300,AMETHYSTS,9996,1,9995.0,29.0,0.0,0.0,10004,1,10005.0,29.0,0.0,0.0,10000.0,0.0,9995.033333333333,10004.966666666667
448,0,22400,STARFRUIT,5036,26,0.0,0.0,0.0,0.0,5043,26,0.0,0.0,0.0,0.0,5039.5,0.0,5036.0,5043.0
449,0,22400,AMETHYSTS,10002,2,9996.0,2.0,9995.0,24.0,10004,2,10005.0,24.0,0.0,0.0,10003.0,0.0,9995.57142857143,10004.923076923076
450,0,22500,AMETHYSTS,10002,6,9995.0,27.0,0.0,0.0,10005,27,0.0,0.0,0.0,0.0,10003.5,0.0,9996.272727272728,10005.0
451,0,22500,STARFRUIT,5036,27,0.0,0.0,0.0,0.0,5043,27,0.0,0.0,0.0,0.0,5039.5,0.0,5036.0,5043.0
452,0,22600,STARFRUIT,5036,27,0.0,0.0,0.0,0.0,5043,27,0.0,0.0,0.0,0.0,5039.5,0.0,5036.0,5043.0
453,0,22600,AMETHYSTS,9996,1,9995.0,26.0,0.0,0.0,10002,9,10004.0,1.0,10005.0,26.0,9999.0,0.0,9995.037037037036,10004.222222222223
454,0,22700,STARFRUIT,5036,28,0.0,0.0,0.0,0.0,5043,28,0.0,0.0,0.0,0.0,5039.5,0.0,5036.0,5043.0
455,0,22700,AMETHYSTS,9995,28,0.0,0.0,0.0,0.0,10005,28,0.0,0.0,0.0,0.0,10000.0,0.0,9995.0,10005.0
456,0,22800,STARFRUIT,5036,30,0.0,0.0,0.0,0.0,5043,30,0.0,0.0,0.0,0.0,5039.5,0.0,5036.0,5043.0
457,0,22800,AMETHYSTS,9996,1,9995.0,29.0,0.0,0.0,9998,3,10004.0,1.0,10005.0,29.0,9997.0,0.0,9995.033333333333,10004.333333333334
458,0,22900,AMETHYSTS,9996,2,9995.0,24.0,0.0,0.0,9998,1,10004.0,2.0,10005.0,24.0,9997.0,0.0,9995.076923076924,10004.666666666666
459,0,22900,STARFRUIT,5036,26,0.0,0.0,0.0,0.0,5043,26,0.0,0.0,0.0,0.0,5039.5,0.0,5036.0,5043.0
460,0,23000,STARFRUIT,5037,2,5036.0,24.0,0.0,0.0,5043,26,0.0,0.0,0.0,0.0,5040.0,0.0,5036.076923076923,5043.0
461,0,23000,AMETHYSTS,9998,3,9996.0,2.0,9995.0,24.0,10004,2,10005.0,24.0,0.0,0.0,10001.0,0.0,9995.379310344828,10004.923076923076
462,0,23100,STARFRUIT,5037,24,0.0,0.0,0.0,0.0,5043,1,5044.0,23.0,0.0,0.0,5040.0,0.0,5037.0,5043.958333333333
463,0,23100,AMETHYSTS,9996,1,9995.0,23.0,0.0,0.0,10002,10,10004.0,1.0,10005.0,23.0,9999.0,0.0,9995.041666666666,10004.088235294117
464,0,23200,AMETHYSTS,9995,26,0.0,0.0,0.0,0.0,9998,1,10002.0,10.0,10005.0,26.0,9996.5,0.0,9995.0,10004.0
465,0,23200,STARFRUIT,5036,26,0.0,0.0,0.0,0.0,5043,26,0.0,0.0,0.0,0.0,5039.5,0.0,5036.0,5043.0
466,0,23300,AMETHYSTS,9995,22,0.0,0.0,0.0,0.0,10005,22,0.0,0.0,0.0,0.0,10000.0,0.0,9995.0,10005.0
467,0,23300,STARFRUIT,5036,22,0.0,0.0,0.0,0.0,5041,1,5044.0,22.0,0.0,0.0,5038.5,0.0,5036.0,5043.869565217391
468,0,23400,STARFRUIT,5036,21,0.0,0.0,0.0,0.0,5044,21,0.0,0.0,0.0,0.0,5040.0,0.0,5036.0,5044.0
469,0,23400,AMETHYSTS,9998,6,9995.0,21.0,0.0,0.0,10005,21,0.0,0.0,0.0,0.0,10001.5,0.0,9995.666666666666,10005.0
470,0,23500,AMETHYSTS,9996,2,9995.0,26.0,0.0,0.0,10004,2,10005.0,26.0,0.0,0.0,10000.0,0.0,9995.07142857143,10004.92857142857
471,0,23500,STARFRUIT,5037,28,0.0,0.0,0.0,0.0,5044,28,0.0,0.0,0.0,0.0,5040.5,0.0,5037.0,5044.0
472,0,23600,AMETHYSTS,9995,21,0.0,0.0,0.0,0.0,10002,6,10005.0,21.0,0.0,0.0,9998.5,0.0,9995.0,10004.333333333334
473,0,23600,STARFRUIT,5036,21,0.0,0.0,0.0,0.0,5041,2,5043.0,21.0,0.0,0.0,5038.5,0.0,5036.0,5042.826086956522
474,0,23700,AMETHYSTS,9995,24,0.0,0.0,0.0,0.0,10005,24,0.0,0.0,0.0,0.0,10000.0,0.0,9995.0,10005.0
475,0,23700,STARFRUIT,5037,24,0.0,0.0,0.0,0.0,5044,24,0.0,0.0,0.0,0.0,5040.5,0.0,5037.0,5044.0
476,0,23800,STARFRUIT,5037,23,0.0,0.0,0.0,0.0,5043,2,5044.0,21.0,0.0,0.0,5040.0,0.0,5037.0,5043.913043478261
477,0,23800,AMETHYSTS,9996,2,9995.0,21.0,0.0,0.0,10004,2,10005.0,21.0,0.0,0.0,10000.0,0.0,9995.08695652174,10004.91304347826
478,0,23900,AMETHYSTS,9995,20,0.0,0.0,0.0,0.0,10005,20,0.0,0.0,0.0,0.0,10000.0,0.0,9995.0,10005.0
479,0,23900,STARFRUIT,5042,1,5037.0,20.0,0.0,0.0,5044,20,0.0,0.0,0.0,0.0,5043.0,0.0,5037.238095238095,5044.0
480,0,24000,AMETHYSTS,9996,1,9995.0,22.0,0.0,0.0,10002,6,10004.0,1.0,10005.0,22.0,9999.0,0.0,9995.04347826087,10004.344827586207
481,0,24000,STARFRUIT,5037,23,0.0,0.0,0.0,0.0,5044,23,0.0,0.0,0.0,0.0,5040.5,0.0,5037.0,5044.0
482,0,24100,AMETHYSTS,9996,2,9995.0,24.0,0.0,0.0,10004,2,10005.0,24.0,0.0,0.0,10000.0,0.0,9995.076923076924,10004.923076923076
483,0,24100,STARFRUIT,5037,26,0.0,0.0,0.0,0.0,5042,5,5044.0,26.0,0.0,0.0,5039.5,0.0,5037.0,5043.677419354839
484,0,24200,STARFRUIT,5043,1,5038.0,27.0,0.0,0.0,5044,2,5045.0,25.0,0.0,0.0,5043.5,0.0,5038.178571428572,5044.925925925926
485,0,24200,AMETHYSTS,9998,4,9996.0,2.0,9995.0,25.0,10004,2,10005.0,25.0,0.0,0.0,10001.0,0.0,9995.451612903225,10004.925925925925
486,0,24300,AMETHYSTS,10002,6,9996.0,2.0,9995.0,21.0,10004,2,10005.0,21.0,0.0,0.0,10003.0,0.0,9996.51724137931,10004.91304347826
487,0,24300,STARFRUIT,5038,23,0.0,0.0,0.0,0.0,5044,2,5045.0,21.0,0.0,0.0,5041.0,0.0,5038.0,5044.913043478261
488,0,24400,AMETHYSTS,9995,25,0.0,0.0,0.0,0.0,10005,25,0.0,0.0,0.0,0.0,10000.0,0.0,9995.0,10005.0
489,0,24400,STARFRUIT,5037,25,0.0,0.0,0.0,0.0,5044,25,0.0,0.0,0.0,0.0,5040.5,0.0,5037.0,5044.0
490,0,24500,AMETHYSTS,9995,21,0.0,0.0,0.0,0.0,9998,2,10002.0,7.0,10005.0,21.0,9996.5,0.0,9995.0,10003.833333333334
491,0,24500,STARFRUIT,5038,2,5037.0,21.0,0.0,0.0,5044,21,0.0,0.0,0.0,0.0,5041.0,0.0,5037.086956521739,5044.0
492,0,24600,STARFRUIT,5038,1,5037.0,26.0,0.0,0.0,5044,27,0.0,0.0,0.0,0.0,5041.0,0.0,5037.037037037037,5044.0
493,0,24600,AMETHYSTS,9996,1,9995.0,26.0,0.0,0.0,10004,1,10005.0,26.0,0.0,0.0,10000.0,0.0,9995.037037037036,10004.962962962964
494,0,24700,AMETHYSTS,9996,2,9995.0,20.0,0.0,0.0,10004,2,10005.0,20.0,0.0,0.0,10000.0,0.0,9995.09090909091,10004.90909090909
495,0,24700,STARFRUIT,5037,22,0.0,0.0,0.0,0.0,5044,22,0.0,0.0,0.0,0.0,5040.5,0.0,5037.0,5044.0
496,0,24800,AMETHYSTS,9996,2,9995.0,26.0,0.0,0.0,10004,2,10005.0,26.0,0.0,0.0,10000.0,0.0,9995.07142857143,10004.92857142857
497,0,24800,STARFRUIT,5037,28,0.0,0.0,0.0,0.0,5044,28,0.0,0.0,0.0,0.0,5040.5,0.0,5037.0,5044.0
498,0,24900,AMETHYSTS,9998,5,9996.0,2.0,9995.0,28.0,10004,2,10005.0,28.0,0.0,0.0,10001.0,0.0,9995.485714285714,10004.933333333332
499,0,24900,STARFRUIT,5037,30,0.0,0.0,0.0,0.0,5042,1,5044.0,30.0,0.0,0.0,5039.5,0.0,5037.0,5043.935483870968
500,0,25000,STARFRUIT,5038,8,5037.0,27.0,0.0,0.0,5043,1,5044.0,26.0,0.0,0.0,5040.5,0.0,5037.228571428572,5043.962962962963
501,0,25000,AMETHYSTS,9996,1,9995.0,26.0,0.0,0.0,10002,1,10004.0,1.0,10005.0,26.0,9999.0,0.0,9995.037037037036,10004.857142857143
502,0,25100,AMETHYSTS,9995,23,0.0,0.0,0.0,0.0,10005,23,0.0,0.0,0.0,0.0,10000.0,0.0,9995.0,10005.0
503,0,25100,STARFRUIT,5036,23,0.0,0.0,0.0,0.0,5043,23,0.0,0.0,0.0,0.0,5039.5,0.0,5036.0,5043.0
504,0,25200,AMETHYSTS,9996,2,9995.0,24.0,0.0,0.0,10004,2,10005.0,24.0,0.0,0.0,10000.0,0.0,9995.076923076924,10004.923076923076
505,0,25200,STARFRUIT,5036,26,0.0,0.0,0.0,0.0,5037,1,5043.0,26.0,0.0,0.0,5036.5,0.0,5036.0,5042.777777777777
506,0,25300,STARFRUIT,5036,26,0.0,0.0,0.0,0.0,5042,2,5043.0,24.0,0.0,0.0,5039.0,0.0,5036.0,5042.923076923077
507,0,25300,AMETHYSTS,9996,2,9995.0,24.0,0.0,0.0,10002,1,10004.0,2.0,10005.0,24.0,9999.0,0.0,9995.076923076924,10004.814814814816
508,0,25400,AMETHYSTS,9998,2,9996.0,2.0,9995.0,30.0,10004,2,10005.0,30.0,0.0,0.0,10001.0,0.0,9995.235294117647,10004.9375
509,0,25400,STARFRUIT,5035,32,0.0,0.0,0.0,0.0,5042,32,0.0,0.0,0.0,0.0,5038.5,0.0,5035.0,5042.0
510,0,25500,AMETHYSTS,9998,3,9996.0,2.0,9995.0,23.0,10004,2,10005.0,23.0,0.0,0.0,10001.0,0.0,9995.392857142857,10004.92
511,0,25500,STARFRUIT,5036,2,5035.0,23.0,0.0,0.0,5040,1,5042.0,25.0,0.0,0.0,5038.0,0.0,5035.08,5041.923076923077
512,0,25600,AMETHYSTS,9996,1,9995.0,30.0,0.0,0.0,10004,1,10005.0,30.0,0.0,0.0,10000.0,0.0,9995.032258064517,10004.967741935483
513,0,25600,STARFRUIT,5041,1,5035.0,31.0,0.0,0.0,5042,31,0.0,0.0,0.0,0.0,5041.5,0.0,5035.1875,5042.0
514,0,25700,STARFRUIT,5036,1,5035.0,22.0,0.0,0.0,5041,4,5042.0,1.0,5043.0,22.0,5038.5,0.0,5035.04347826087,5042.666666666667
515,0,25700,AMETHYSTS,9996,1,9995.0,22.0,0.0,0.0,10004,1,10005.0,22.0,0.0,0.0,10000.0,0.0,9995.04347826087,10004.95652173913
516,0,25800,AMETHYSTS,9996,1,9995.0,27.0,0.0,0.0,10004,1,10005.0,27.0,0.0,0.0,10000.0,0.0,9995.035714285714,10004.964285714286
517,0,25800,STARFRUIT,5041,2,5037.0,28.0,0.0,0.0,5043,1,5044.0,27.0,0.0,0.0,5042.0,0.0,5037.266666666666,5043.964285714285
518,0,25900,AMETHYSTS,9995,28,0.0,0.0,0.0,0.0,10005,28,0.0,0.0,0.0,0.0,10000.0,0.0,9995.0,10005.0
519,0,25900,STARFRUIT,5037,28,0.0,0.0,0.0,0.0,5042,3,5044.0,28.0,0.0,0.0,5039.5,0.0,5037.0,5043.806451612903
520,0,26000,AMETHYSTS,9995,24,0.0,0.0,0.0,0.0,10002,7,10005.0,24.0,0.0,0.0,9998.5,0.0,9995.0,10004.322580645161
521,0,26000,STARFRUIT,5037,24,0.0,0.0,0.0,0.0,5044,24,0.0,0.0,0.0,0.0,5040.5,0.0,5037.0,5044.0
522,0,26100,STARFRUIT,5037,25,0.0,0.0,0.0,0.0,5044,25,0.0,0.0,0.0,0.0,5040.5,0.0,5037.0,5044.0
523,0,26100,AMETHYSTS,9995,25,0.0,0.0,0.0,0.0,10002,7,10005.0,25.0,0.0,0.0,9998.5,0.0,9995.0,10004.34375
524,0,26200,AMETHYSTS,9996,1,9995.0,25.0,0.0,0.0,10004,1,10005.0,25.0,0.0,0.0,10000.0,0.0,9995.038461538461,10004.961538461539
525,0,26200,STARFRUIT,5037,26,0.0,0.0,0.0,0.0,5043,1,5044.0,25.0,0.0,0.0,5040.0,0.0,5037.0,5043.961538461538
526,0,26300,AMETHYSTS,9995,24,0.0,0.0,0.0,0.0,10005,24,0.0,0.0,0.0,0.0,10000.0,0.0,9995.0,10005.0
527,0,26300,STARFRUIT,5038,2,5037.0,24.0,0.0,0.0,5044,24,0.0,0.0,0.0,0.0,5041.0,0.0,5037.076923076923,5044.0
528,0,26400,AMETHYSTS,10002,3,9995.0,29.0,0.0,0.0,10005,29,0.0,0.0,0.0,0.0,10003.5,0.0,9995.65625,10005.0
529,0,26400,STARFRUIT,5037,29,0.0,0.0,0.0,0.0,5038,1,5044.0,29.0,0.0,0.0,5037.5,0.0,5037.0,5043.8
530,0,26500,STARFRUIT,5043,1,5039.0,2.0,5038.0,24.0,5044,1,5045.0,23.0,0.0,0.0,5043.5,0.0,5038.259259259259,5044.958333333333
531,0,26500,AMETHYSTS,9996,1,9995.0,23.0,0.0,0.0,10002,4,10004.0,1.0,10005.0,23.0,9999.0,0.0,9995.041666666666,10004.535714285714
532,0,26600,AMETHYSTS,10002,3,9998.0,1.0,9996.0,1.0,10004,1,10005.0,21.0,0.0,0.0,10003.0,0.0,10000.0,10004.954545454546
533,0,26600,STARFRUIT,5037,22,0.0,0.0,0.0,0.0,5044,22,0.0,0.0,0.0,0.0,5040.5,0.0,5037.0,5044.0
534,0,26700,AMETHYSTS,9995,24,0.0,0.0,0.0,0.0,10000,6,10005.0,24.0,0.0,0.0,9997.5,0.0,9995.0,10004.0
535,0,26700,STARFRUIT,5037,24,0.0,0.0,0.0,0.0,5040,4,5044.0,24.0,0.0,0.0,5038.5,0.0,5037.0,5043.428571428572
536,0,26800,AMETHYSTS,9995,24,0.0,0.0,0.0,0.0,10005,24,0.0,0.0,0.0,0.0,10000.0,0.0,9995.0,10005.0
537,0,26800,STARFRUIT,5037,24,0.0,0.0,0.0,0.0,5044,24,0.0,0.0,0.0,0.0,5040.5,0.0,5037.0,5044.0
538,0,26900,STARFRUIT,5037,27,0.0,0.0,0.0,0.0,5044,27,0.0,0.0,0.0,0.0,5040.5,0.0,5037.0,5044.0
539,0,26900,AMETHYSTS,9995,27,0.0,0.0,0.0,0.0,9998,1,10002.0,5.0,10005.0,27.0,9996.5,0.0,9995.0,10004.333333333334
540,0,27000,AMETHYSTS,9996,1,9995.0,30.0,0.0,0.0,10002,7,10004.0,1.0,10005.0,30.0,9999.0,0.0,9995.032258064517,10004.421052631578
541,0,27000,STARFRUIT,5037,31,0.0,0.0,0.0,0.0,5044,31,0.0,0.0,0.0,0.0,5040.5,0.0,5037.0,5044.0
542,0,27100,AMETHYSTS,9996,2,9995.0,22.0,0.0,0.0,10002,7,10004.0,2.0,10005.0,22.0,9999.0,0.0,9995.083333333334,10004.258064516129
543,0,27100,STARFRUIT,5037,24,0.0,0.0,0.0,0.0,5044,24,0.0,0.0,0.0,0.0,5040.5,0.0,5037.0,5044.0
544,0,27200,AMETHYSTS,9998,2,9996.0,2.0,9995.0,29.0,10004,2,10005.0,29.0,0.0,0.0,10001.0,0.0,9995.242424242424,10004.935483870968
545,0,27200,STARFRUIT,5037,31,0.0,0.0,0.0,0.0,5043,2,5044.0,29.0,0.0,0.0,5040.0,0.0,5037.0,5043.935483870968
546,0,27300,STARFRUIT,5040,5,5038.0,8.0,5037.0,25.0,5044,27,0.0,0.0,0.0,0.0,5042.0,0.0,5037.605263157895,5044.0
547,0,27300,AMETHYSTS,10000,5,9996.0,2.0,9995.0,25.0,10004,2,10005.0,25.0,0.0,0.0,10002.0,0.0,9995.84375,10004.925925925925
548,0,27400,AMETHYSTS,9996,1,9995.0,24.0,0.0,0.0,10004,1,10005.0,24.0,0.0,0.0,10000.0,0.0,9995.04,10004.96
549,0,27400,STARFRUIT,5039,3,5038.0,24.0,0.0,0.0,5040,5,5045.0,25.0,0.0,0.0,5039.5,0.0,5038.111111111111,5044.166666666667
550,0,27500,AMETHYSTS,9996,2,9995.0,24.0,0.0,0.0,10002,10,10004.0,2.0,10005.0,24.0,9999.0,0.0,9995.076923076924,10004.111111111111
551,0,27500,STARFRUIT,5038,26,0.0,0.0,0.0,0.0,5045,26,0.0,0.0,0.0,0.0,5041.5,0.0,5038.0,5045.0
552,0,27600,AMETHYSTS,9996,1,9995.0,22.0,0.0,0.0,9998,1,10004.0,1.0,10005.0,22.0,9997.0,0.0,9995.04347826087,10004.666666666666
553,0,27600,STARFRUIT,5038,23,0.0,0.0,0.0,0.0,5045,23,0.0,0.0,0.0,0.0,5041.5,0.0,5038.0,5045.0
554,0,27700,STARFRUIT,5042,3,5038.0,26.0,0.0,0.0,5045,26,0.0,0.0,0.0,0.0,5043.5,0.0,5038.413793103448,5045.0
555,0,27700,AMETHYSTS,9996,2,9995.0,24.0,0.0,0.0,10004,2,10005.0,24.0,0.0,0.0,10000.0,0.0,9995.076923076924,10004.923076923076
556,0,27800,AMETHYSTS,9995,28,0.0,0.0,0.0,0.0,10005,28,0.0,0.0,0.0,0.0,10000.0,0.0,9995.0,10005.0
557,0,27800,STARFRUIT,5038,28,0.0,0.0,0.0,0.0,5045,28,0.0,0.0,0.0,0.0,5041.5,0.0,5038.0,5045.0
558,0,27900,AMETHYSTS,9996,1,9995.0,25.0,0.0,0.0,9998,4,10004.0,1.0,10005.0,25.0,9997.0,0.0,9995.038461538461,10004.033333333333
559,0,27900,STARFRUIT,5039,7,5038.0,26.0,0.0,0.0,5045,26,0.0,0.0,0.0,0.0,5042.0,0.0,5038.212121212121,5045.0
560,0,28000,AMETHYSTS,9995,24,0.0,0.0,0.0,0.0,10002,9,10005.0,24.0,0.0,0.0,9998.5,0.0,9995.0,10004.181818181818
561,0,28000,STARFRUIT,5038,24,0.0,0.0,0.0,0.0,5045,24,0.0,0.0,0.0,0.0,5041.5,0.0,5038.0,5045.0
562,0,28100,STARFRUIT,5039,22,0.0,0.0,0.0,0.0,5040,2,5046.0,22.0,0.0,0.0,5039.5,0.0,5039.0,5045.5
563,0,28100,AMETHYSTS,9995,22,0.0,0.0,0.0,0.0,10005,22,0.0,0.0,0.0,0.0,10000.0,0.0,9995.0,10005.0
564,0,28200,AMETHYSTS,9996,1,9995.0,29.0,0.0,0.0,10004,1,10005.0,29.0,0.0,0.0,10000.0,0.0,9995.033333333333,10004.966666666667
565,0,28200,STARFRUIT,5039,30,0.0,0.0,0.0,0.0,5046,30,0.0,0.0,0.0,0.0,5042.5,0.0,5039.0,5046.0
566,0,28300,AMETHYSTS,9996,1,9995.0,23.0,0.0,0.0,10002,7,10004.0,1.0,10005.0,23.0,9999.0,0.0,9995.041666666666,10004.290322580646
567,0,28300,STARFRUIT,5039,24,0.0,0.0,0.0,0.0,5044,7,5045.0,1.0,5046.0,23.0,5041.5,0.0,5039.0,5045.5161290322585
568,0,28400,AMETHYSTS,9995,21,0.0,0.0,0.0,0.0,10002,9,10005.0,21.0,0.0,0.0,9998.5,0.0,9995.0,10004.1
569,0,28400,STARFRUIT,5039,21,0.0,0.0,0.0,0.0,5046,21,0.0,0.0,0.0,0.0,5042.5,0.0,5039.0,5046.0
570,0,28500,STARFRUIT,5044,1,5039.0,1.0,5038.0,30.0,5045,31,0.0,0.0,0.0,0.0,5044.5,0.0,5038.21875,5045.0
571,0,28500,AMETHYSTS,9996,1,9995.0,30.0,0.0,0.0,10004,1,10005.0,30.0,0.0,0.0,10000.0,0.0,9995.032258064517,10004.967741935483
572,0,28600,AMETHYSTS,9998,7,9996.0,2.0,9995.0,29.0,10004,2,10005.0,29.0,0.0,0.0,10001.0,0.0,9995.605263157895,10004.935483870968
573,0,28600,STARFRUIT,5039,30,0.0,0.0,0.0,0.0,5044,7,5045.0,2.0,5046.0,29.0,5041.5,0.0,5039.0,5045.578947368421
574,0,28700,AMETHYSTS,9996,1,9995.0,24.0,0.0,0.0,10004,1,10005.0,24.0,0.0,0.0,10000.0,0.0,9995.04,10004.96
575,0,28700,STARFRUIT,5040,8,5039.0,25.0,0.0,0.0,5045,1,5046.0,24.0,0.0,0.0,5042.5,0.0,5039.242424242424,5045.96
576,0,28800,AMETHYSTS,9996,2,9995.0,20.0,0.0,0.0,10004,2,10005.0,20.0,0.0,0.0,10000.0,0.0,9995.09090909091,10004.90909090909
577,0,28800,STARFRUIT,5039,2,5038.0,20.0,0.0,0.0,5045,2,5046.0,20.0,0.0,0.0,5042.0,0.0,5038.090909090909,5045.909090909091
578,0,28900,STARFRUIT,5040,3,5039.0,22.0,0.0,0.0,5046,22,0.0,0.0,0.0,0.0,5043.0,0.0,5039.12,5046.0
579,0,28900,AMETHYSTS,9995,22,0.0,0.0,0.0,0.0,10005,22,0.0,0.0,0.0,0.0,10000.0,0.0,9995.0,10005.0
580,0,29000,AMETHYSTS,9995,24,0.0,0.0,0.0,0.0,10005,24,0.0,0.0,0.0,0.0,10000.0,0.0,9995.0,10005.0
581,0,29000,STARFRUIT,5039,24,0.0,0.0,0.0,0.0,5046,24,0.0,0.0,0.0,0.0,5042.5,0.0,5039.0,5046.0
582,0,29100,AMETHYSTS,9998,9,9996.0,2.0,9995.0,29.0,10004,2,10005.0,29.0,0.0,0.0,10001.0,0.0,9995.725,10004.935483870968
583,0,29100,STARFRUIT,5039,31,0.0,0.0,0.0,0.0,5044,6,5045.0,2.0,5046.0,29.0,5041.5,0.0,5039.0,5045.621621621622
584,0,29200,AMETHYSTS,9995,20,0.0,0.0,0.0,0.0,10002,3,10005.0,20.0,0.0,0.0,9998.5,0.0,9995.0,10004.608695652174
585,0,29200,STARFRUIT,5039,20,0.0,0.0,0.0,0.0,5044,2,5046.0,20.0,0.0,0.0,5041.5,0.0,5039.0,5045.818181818182
586,0,29300,STARFRUIT,5040,24,0.0,0.0,0.0,0.0,5047,25,0.0,0.0,0.0,0.0,5043.5,0.0,5040.0,5047.0
587,0,29300,AMETHYSTS,9995,25,0.0,0.0,0.0,0.0,10005,25,0.0,0.0,0.0,0.0,10000.0,0.0,9995.0,10005.0
588,0,29400,AMETHYSTS,9996,1,9995.0,23.0,0.0,0.0,10004,1,10005.0,23.0,0.0,0.0,10000.0,0.0,9995.041666666666,10004.958333333334
589,0,29400,STARFRUIT,5039,24,0.0,0.0,0.0,0.0,5046,24,0.0,0.0,0.0,0.0,5042.5,0.0,5039.0,5046.0
590,0,29500,AMETHYSTS,10002,1,9996.0,2.0,9995.0,22.0,10004,2,10005.0,22.0,0.0,0.0,10003.0,0.0,9995.36,10004.916666666666
591,0,29500,STARFRUIT,5040,7,5039.0,22.0,0.0,0.0,5046,24,0.0,0.0,0.0,0.0,5043.0,0.0,5039.241379310345,5046.0
592,0,29600,AMETHYSTS,9995,20,0.0,0.0,0.0,0.0,9998,1,10005.0,20.0,0.0,0.0,9996.5,0.0,9995.0,10004.666666666666
593,0,29600,STARFRUIT,5039,20,0.0,0.0,0.0,0.0,5046,20,0.0,0.0,0.0,0.0,5042.5,0.0,5039.0,5046.0
594,0,29700,STARFRUIT,5040,27,0.0,0.0,0.0,0.0,5046,1,5047.0,26.0,0.0,0.0,5043.0,0.0,5040.0,5046.962962962963
595,0,29700,AMETHYSTS,9996,1,9995.0,26.0,0.0,0.0,10004,1,10005.0,26.0,0.0,0.0,10000.0,0.0,9995.037037037036,10004.962962962964
596,0,29800,STARFRUIT,5040,1,5039.0,29.0,0.0,0.0,5046,1,5047.0,29.0,0.0,0.0,5043.0,0.0,5039.033333333334,5046.966666666666
597,0,29800,AMETHYSTS,9998,7,9996.0,1.0,9995.0,29.0,10004,1,10005.0,29.0,0.0,0.0,10001.0,0.0,9995.594594594595,10004.966666666667
598,0,29900,AMETHYSTS,9998,8,9996.0,1.0,9995.0,26.0,10000,2,10004.0,1.0,10005.0,26.0,9999.0,0.0,9995.714285714286,10004.620689655172
599,0,29900,STARFRUIT,5040,27,0.0,0.0,0.0,0.0,5043,6,5047.0,27.0,0.0,0.0,5041.5,0.0,5040.0,5046.272727272727
600,0,30000,STARFRUIT,5046,1,5041.0,1.0,5040.0,20.0,5047,21,0.0,0.0,0.0,0.0,5046.5,0.0,5040.318181818182,5047.0
601,0,30000,AMETHYSTS,9996,1,9995.0,20.0,0.0,0.0,10002,7,10004.0,1.0,10005.0,20.0,9999.0,0.0,9995.047619047618,10004.214285714286
602,0,30100,STARFRUIT,5040,22,0.0,0.0,0.0,0.0,5045,1,5047.0,22.0,0.0,0.0,5042.5,0.0,5040.0,5046.913043478261
603,0,30100,AMETHYSTS,9995,22,0.0,0.0,0.0,0.0,10000,5,10005.0,22.0,0.0,0.0,9997.5,0.0,9995.0,10004.074074074075
604,0,30200,STARFRUIT,5041,24,0.0,0.0,0.0,0.0,5048,24,0.0,0.0,0.0,0.0,5044.5,0.0,5041.0,5048.0
605,0,30200,AMETHYSTS,9996,2,9995.0,22.0,0.0,0.0,10004,2,10005.0,22.0,0.0,0.0,10000.0,0.0,9995.083333333334,10004.916666666666
606,0,30300,AMETHYSTS,9996,2,9995.0,28.0,0.0,0.0,10002,7,10004.0,2.0,10005.0,28.0,9999.0,0.0,9995.066666666668,10004.378378378378
607,0,30300,STARFRUIT,5041,30,0.0,0.0,0.0,0.0,5046,2,5047.0,2.0,5048.0,28.0,5043.5,0.0,5041.0,5047.8125
608,0,30400,STARFRUIT,5040,23,0.0,0.0,0.0,0.0,5047,23,0.0,0.0,0.0,0.0,5043.5,0.0,5040.0,5047.0
609,0,30400,AMETHYSTS,9996,2,9995.0,21.0,0.0,0.0,10004,2,10005.0,21.0,0.0,0.0,10000.0,0.0,9995.08695652174,10004.91304347826
610,0,30500,STARFRUIT,5040,1,5039.0,28.0,0.0,0.0,5044,7,5046.0,29.0,0.0,0.0,5042.0,0.0,5039.0344827586205,5045.611111111111
611,0,30500,AMETHYSTS,9996,1,9995.0,28.0,0.0,0.0,10004,1,10005.0,28.0,0.0,0.0,10000.0,0.0,9995.034482758621,10004.965517241379
612,0,30600,STARFRUIT,5040,30,0.0,0.0,0.0,0.0,5045,8,5047.0,30.0,0.0,0.0,5042.5,0.0,5040.0,5046.578947368421
613,0,30600,AMETHYSTS,9995,30,0.0,0.0,0.0,0.0,10005,30,0.0,0.0,0.0,0.0,10000.0,0.0,9995.0,10005.0
614,0,30700,AMETHYSTS,9996,1,9995.0,22.0,0.0,0.0,10004,1,10005.0,22.0,0.0,0.0,10000.0,0.0,9995.04347826087,10004.95652173913
615,0,30700,STARFRUIT,5039,23,0.0,0.0,0.0,0.0,5040,1,5046.0,23.0,0.0,0.0,5039.5,0.0,5039.0,5045.75
616,0,30800,STARFRUIT,5039,3,5038.0,29.0,0.0,0.0,5045,29,0.0,0.0,0.0,0.0,5042.0,0.0,5038.09375,5045.0
617,0,30800,AMETHYSTS,9995,29,0.0,0.0,0.0,0.0,10005,29,0.0,0.0,0.0,0.0,10000.0,0.0,9995.0,10005.0
618,0,30900,STARFRUIT,5039,6,5038.0,23.0,0.0,0.0,5045,23,0.0,0.0,0.0,0.0,5042.0,0.0,5038.206896551724,5045.0
619,0,30900,AMETHYSTS,9998,2,9995.0,23.0,0.0,0.0,10005,23,0.0,0.0,0.0,0.0,10001.5,0.0,9995.24,10005.0
620,0,31000,STARFRUIT,5038,20,0.0,0.0,0.0,0.0,5045,20,0.0,0.0,0.0,0.0,5041.5,0.0,5038.0,5045.0
621,0,31000,AMETHYSTS,9995,20,0.0,0.0,0.0,0.0,10005,20,0.0,0.0,0.0,0.0,10000.0,0.0,9995.0,10005.0
622,0,31100,AMETHYSTS,9996,1,9995.0,21.0,0.0,0.0,10004,1,10005.0,21.0,0.0,0.0,10000.0,0.0,9995.045454545454,10004.954545454546
623,0,31100,STARFRUIT,5038,22,0.0,0.0,0.0,0.0,5045,22,0.0,0.0,0.0,0.0,5041.5,0.0,5038.0,5045.0
624,0,31200,STARFRUIT,5038,1,5037.0,27.0,0.0,0.0,5044,29,0.0,0.0,0.0,0.0,5041.0,0.0,5037.035714285715,5044.0
625,0,31200,AMETHYSTS,9996,2,9995.0,27.0,0.0,0.0,10004,2,10005.0,27.0,0.0,0.0,10000.0,0.0,9995.068965517241,10004.931034482759
626,0,31300,STARFRUIT,5038,30,0.0,0.0,0.0,0.0,5043,7,5045.0,30.0,0.0,0.0,5040.5,0.0,5038.0,5044.621621621622
627,0,31300,AMETHYSTS,9995,30,0.0,0.0,0.0,0.0,10005,30,0.0,0.0,0.0,0.0,10000.0,0.0,9995.0,10005.0
628,0,31400,STARFRUIT,5039,5,5038.0,32.0,0.0,0.0,5045,32,0.0,0.0,0.0,0.0,5042.0,0.0,5038.135135135135,5045.0
629,0,31400,AMETHYSTS,9996,2,9995.0,30.0,0.0,0.0,10004,2,10005.0,30.0,0.0,0.0,10000.0,0.0,9995.0625,10004.9375
630,0,31500,AMETHYSTS,9995,23,0.0,0.0,0.0,0.0,10005,23,0.0,0.0,0.0,0.0,10000.0,0.0,9995.0,10005.0
631,0,31500,STARFRUIT,5038,22,0.0,0.0,0.0,0.0,5043,1,5045.0,23.0,0.0,0.0,5040.5,0.0,5038.0,5044.916666666667
632,0,31600,STARFRUIT,5039,32,0.0,0.0,0.0,0.0,5046,32,0.0,0.0,0.0,0.0,5042.5,0.0,5039.0,5046.0
633,0,31600,AMETHYSTS,9998,2,9996.0,2.0,9995.0,30.0,10004,2,10005.0,30.0,0.0,0.0,10001.0,0.0,9995.235294117647,10004.9375
634,0,31700,STARFRUIT,5038,29,0.0,0.0,0.0,0.0,5045,29,0.0,0.0,0.0,0.0,5041.5,0.0,5038.0,5045.0
635,0,31700,AMETHYSTS,9995,29,0.0,0.0,0.0,0.0,9998,4,10002.0,2.0,10005.0,29.0,9996.5,0.0,9995.0,10004.028571428571
636,0,31800,STARFRUIT,5038,21,0.0,0.0,0.0,0.0,5045,21,0.0,0.0,0.0,0.0,5041.5,0.0,5038.0,5045.0
637,0,31800,AMETHYSTS,9995,21,0.0,0.0,0.0,0.0,10005,21,0.0,0.0,0.0,0.0,10000.0,0.0,9995.0,10005.0
638,0,31900,AMETHYSTS,9998,9,9996.0,2.0,9995.0,27.0,10004,2,10005.0,27.0,0.0,0.0,10001.0,0.0,9995.763157894737,10004.931034482759
639,0,31900,STARFRUIT,5038,29,0.0,0.0,0.0,0.0,5045,29,0.0,0.0,0.0,0.0,5041.5,0.0,5038.0,5045.0
640,0,32000,STARFRUIT,5038,30,0.0,0.0,0.0,0.0,5041,4,5043.0,8.0,5045.0,30.0,5039.5,0.0,5038.0,5044.238095238095
641,0,32000,AMETHYSTS,9996,1,9995.0,29.0,0.0,0.0,10000,3,10004.0,1.0,10005.0,29.0,9998.0,0.0,9995.033333333333,10004.515151515152
642,0,32100,AMETHYSTS,9996,1,9995.0,30.0,0.0,0.0,10004,1,10005.0,30.0,0.0,0.0,10000.0,0.0,9995.032258064517,10004.967741935483
643,0,32100,STARFRUIT,5038,1,5037.0,30.0,0.0,0.0,5042,6,5044.0,31.0,0.0,0.0,5040.0,0.0,5037.032258064516,5043.675675675676
644,0,32200,AMETHYSTS,9996,1,9995.0,25.0,0.0,0.0,10002,7,10004.0,1.0,10005.0,25.0,9999.0,0.0,9995.038461538461,10004.333333333334
645,0,32200,STARFRUIT,5043,1,5037.0,26.0,0.0,0.0,5044,26,0.0,0.0,0.0,0.0,5043.5,0.0,5037.222222222223,5044.0
646,0,32300,AMETHYSTS,9996,1,9995.0,25.0,0.0,0.0,10002,6,10004.0,1.0,10005.0,25.0,9999.0,0.0,9995.038461538461,10004.40625
647,0,32300,STARFRUIT,5038,1,5037.0,25.0,0.0,0.0,5044,26,0.0,0.0,0.0,0.0,5041.0,0.0,5037.038461538462,5044.0
648,0,32400,STARFRUIT,5037,29,0.0,0.0,0.0,0.0,5038,1,5044.0,29.0,0.0,0.0,5037.5,0.0,5037.0,5043.8
649,0,32400,AMETHYSTS,9996,2,9995.0,27.0,0.0,0.0,10002,1,10004.0,2.0,10005.0,27.0,9999.0,0.0,9995.068965517241,10004.833333333334
650,0,32500,AMETHYSTS,9996,2,9995.0,23.0,0.0,0.0,10004,2,10005.0,23.0,0.0,0.0,10000.0,0.0,9995.08,10004.92
651,0,32500,STARFRUIT,5042,1,5037.0,25.0,0.0,0.0,5043,2,5044.0,23.0,0.0,0.0,5042.5,0.0,5037.192307692308,5043.92
652,0,32600,AMETHYSTS,9995,30,0.0,0.0,0.0,0.0,10005,30,0.0,0.0,0.0,0.0,10000.0,0.0,9995.0,10005.0
653,0,32600,STARFRUIT,5037,30,0.0,0.0,0.0,0.0,5042,8,5044.0,30.0,0.0,0.0,5039.5,0.0,5037.0,5043.578947368421
654,0,32700,AMETHYSTS,10002,1,9996.0,1.0,9995.0,26.0,10004,1,10005.0,26.0,0.0,0.0,10003.0,0.0,9995.285714285714,10004.962962962964
655,0,32700,STARFRUIT,5038,27,0.0,0.0,0.0,0.0,5044,1,5045.0,26.0,0.0,0.0,5041.0,0.0,5038.0,5044.962962962963
656,0,32800,STARFRUIT,5038,23,0.0,0.0,0.0,0.0,5039,5,5043.0,3.0,5045.0,23.0,5038.5,0.0,5038.0,5043.8387096774195
657,0,32800,AMETHYSTS,9995,23,0.0,0.0,0.0,0.0,10005,23,0.0,0.0,0.0,0.0,10000.0,0.0,9995.0,10005.0
658,0,32900,AMETHYSTS,9996,1,9995.0,23.0,0.0,0.0,10002,1,10004.0,1.0,10005.0,23.0,9999.0,0.0,9995.041666666666,10004.84
659,0,32900,STARFRUIT,5038,1,5037.0,23.0,0.0,0.0,5042,6,5044.0,24.0,0.0,0.0,5040.0,0.0,5037.041666666667,5043.6
660,0,33000,AMETHYSTS,10002,1,9996.0,1.0,9995.0,27.0,10004,1,10005.0,27.0,0.0,0.0,10003.0,0.0,9995.275862068966,10004.964285714286
661,0,33000,STARFRUIT,5038,1,5037.0,27.0,0.0,0.0,5042,6,5044.0,28.0,0.0,0.0,5040.0,0.0,5037.035714285715,5043.64705882353
662,0,33100,AMETHYSTS,9995,24,0.0,0.0,0.0,0.0,10005,24,0.0,0.0,0.0,0.0,10000.0,0.0,9995.0,10005.0
663,0,33100,STARFRUIT,5037,24,0.0,0.0,0.0,0.0,5042,2,5044.0,24.0,0.0,0.0,5039.5,0.0,5037.0,5043.846153846154
664,0,33200,STARFRUIT,5039,6,5038.0,25.0,0.0,0.0,5045,25,0.0,0.0,0.0,0.0,5042.0,0.0,5038.193548387097,5045.0
665,0,33200,AMETHYSTS,9995,25,0.0,0.0,0.0,0.0,10002,9,10005.0,25.0,0.0,0.0,9998.5,0.0,9995.0,10004.20588235294
666,0,33300,AMETHYSTS,9996,2,9995.0,24.0,0.0,0.0,10002,7,10004.0,2.0,10005.0,24.0,9999.0,0.0,9995.076923076924,10004.30303030303
667,0,33300,STARFRUIT,5038,26,0.0,0.0,0.0,0.0,5045,26,0.0,0.0,0.0,0.0,5041.5,0.0,5038.0,5045.0
668,0,33400,AMETHYSTS,9995,27,0.0,0.0,0.0,0.0,10005,27,0.0,0.0,0.0,0.0,10000.0,0.0,9995.0,10005.0
669,0,33400,STARFRUIT,5037,27,0.0,0.0,0.0,0.0,5042,6,5044.0,27.0,0.0,0.0,5039.5,0.0,5037.0,5043.636363636364
670,0,33500,AMETHYSTS,9998,10,9995.0,25.0,0.0,0.0,10005,25,0.0,0.0,0.0,0.0,10001.5,0.0,9995.857142857143,10005.0
671,0,33500,STARFRUIT,5037,25,0.0,0.0,0.0,0.0,5042,8,5044.0,25.0,0.0,0.0,5039.5,0.0,5037.0,5043.515151515152
672,0,33600,STARFRUIT,5037,26,0.0,0.0,0.0,0.0,5044,27,0.0,0.0,0.0,0.0,5040.5,0.0,5037.0,5044.0
673,0,33600,AMETHYSTS,9995,27,0.0,0.0,0.0,0.0,10005,27,0.0,0.0,0.0,0.0,10000.0,0.0,9995.0,10005.0
674,0,33700,AMETHYSTS,9998,7,9996.0,1.0,9995.0,22.0,10004,1,10005.0,22.0,0.0,0.0,10001.0,0.0,9995.733333333334,10004.95652173913
675,0,33700,STARFRUIT,5037,6,5036.0,22.0,0.0,0.0,5043,23,0.0,0.0,0.0,0.0,5040.0,0.0,5036.214285714285,5043.0
676,0,33800,AMETHYSTS,10002,1,9995.0,26.0,0.0,0.0,10005,26,0.0,0.0,0.0,0.0,10003.5,0.0,9995.25925925926,10005.0
677,0,33800,STARFRUIT,5036,26,0.0,0.0,0.0,0.0,5043,26,0.0,0.0,0.0,0.0,5039.5,0.0,5036.0,5043.0
678,0,33900,AMETHYSTS,9995,24,0.0,0.0,0.0,0.0,10005,24,0.0,0.0,0.0,0.0,10000.0,0.0,9995.0,10005.0
679,0,33900,STARFRUIT,5036,8,5035.0,24.0,0.0,0.0,5042,24,0.0,0.0,0.0,0.0,5039.0,0.0,5035.25,5042.0
680,0,34000,STARFRUIT,5036,7,5035.0,24.0,0.0,0.0,5042,25,0.0,0.0,0.0,0.0,5039.0,0.0,5035.225806451613,5042.0
681,0,34000,AMETHYSTS,10002,1,9996.0,1.0,9995.0,24.0,10004,1,10005.0,24.0,0.0,0.0,10003.0,0.0,9995.307692307691,10004.96
682,0,34100,AMETHYSTS,9996,1,9995.0,26.0,0.0,0.0,10004,1,10005.0,26.0,0.0,0.0,10000.0,0.0,9995.037037037036,10004.962962962964
683,0,34100,STARFRUIT,5036,1,5035.0,26.0,0.0,0.0,5042,27,0.0,0.0,0.0,0.0,5039.0,0.0,5035.037037037037,5042.0
684,0,34200,AMETHYSTS,9996,1,9995.0,26.0,0.0,0.0,10004,1,10005.0,26.0,0.0,0.0,10000.0,0.0,9995.037037037036,10004.962962962964
685,0,34200,STARFRUIT,5037,1,5036.0,27.0,0.0,0.0,5043,27,0.0,0.0,0.0,0.0,5040.0,0.0,5036.035714285715,5043.0
686,0,34300,STARFRUIT,5036,21,0.0,0.0,0.0,0.0,5043,22,0.0,0.0,0.0,0.0,5039.5,0.0,5036.0,5043.0
687,0,34300,AMETHYSTS,9996,2,9995.0,20.0,0.0,0.0,10004,2,10005.0,20.0,0.0,0.0,10000.0,0.0,9995.09090909091,10004.90909090909
688,0,34400,AMETHYSTS,9996,2,9995.0,23.0,0.0,0.0,10004,2,10005.0,23.0,0.0,0.0,10000.0,0.0,9995.08,10004.92
689,0,34400,STARFRUIT,5036,25,0.0,0.0,0.0,0.0,5037,1,5043.0,25.0,0.0,0.0,5036.5,0.0,5036.0,5042.7692307692305
690,0,34500,AMETHYSTS,9995,25,0.0,0.0,0.0,0.0,10002,2,10005.0,25.0,0.0,0.0,9998.5,0.0,9995.0,10004.777777777777
691,0,34500,STARFRUIT,5037,25,0.0,0.0,0.0,0.0,5042,6,5044.0,25.0,0.0,0.0,5039.5,0.0,5037.0,5043.612903225807
692,0,34600,AMETHYSTS,9995,22,0.0,0.0,0.0,0.0,10005,22,0.0,0.0,0.0,0.0,10000.0,0.0,9995.0,10005.0
693,0,34600,STARFRUIT,5037,22,0.0,0.0,0.0,0.0,5042,2,5044.0,22.0,0.0,0.0,5039.5,0.0,5037.0,5043.833333333333
694,0,34700,STARFRUIT,5036,29,0.0,0.0,0.0,0.0,5043,29,0.0,0.0,0.0,0.0,5039.5,0.0,5036.0,5043.0
695,0,34700,AMETHYSTS,9995,29,0.0,0.0,0.0,0.0,9998,5,10005.0,29.0,0.0,0.0,9996.5,0.0,9995.0,10003.970588235294
696,0,34800,AMETHYSTS,10002,1,10000.0,2.0,9995.0,24.0,10005,24,0.0,0.0,0.0,0.0,10003.5,0.0,9995.62962962963,10005.0
697,0,34800,STARFRUIT,5039,2,5036.0,24.0,0.0,0.0,5043,24,0.0,0.0,0.0,0.0,5041.0,0.0,5036.2307692307695,5043.0
698,0,34900,AMETHYSTS,9996,2,9995.0,22.0,0.0,0.0,10004,2,10005.0,22.0,0.0,0.0,10000.0,0.0,9995.083333333334,10004.916666666666
699,0,34900,STARFRUIT,5037,23,0.0,0.0,0.0,0.0,5044,24,0.0,0.0,0.0,0.0,5040.5,0.0,5037.0,5044.0
700,0,35000,AMETHYSTS,9996,2,9995.0,20.0,0.0,0.0,10002,10,10004.0,2.0,10005.0,20.0,9999.0,0.0,9995.09090909091,10004.0
701,0,35000,STARFRUIT,5038,3,5037.0,22.0,0.0,0.0,5044,22,0.0,0.0,0.0,0.0,5041.0,0.0,5037.12,5044.0
702,0,35100,STARFRUIT,5038,1,5037.0,26.0,0.0,0.0,5044,26,0.0,0.0,0.0,0.0,5041.0,0.0,5037.037037037037,5044.0
703,0,35100,AMETHYSTS,9996,1,9995.0,25.0,0.0,0.0,10004,1,10005.0,25.0,0.0,0.0,10000.0,0.0,9995.038461538461,10004.961538461539
704,0,35200,AMETHYSTS,9995,24,0.0,0.0,0.0,0.0,10005,24,0.0,0.0,0.0,0.0,10000.0,0.0,9995.0,10005.0
705,0,35200,STARFRUIT,5037,23,0.0,0.0,0.0,0.0,5042,5,5044.0,24.0,0.0,0.0,5039.5,0.0,5037.0,5043.6551724137935
706,0,35300,AMETHYSTS,9998,9,9995.0,24.0,0.0,0.0,10005,24,0.0,0.0,0.0,0.0,10001.5,0.0,9995.818181818182,10005.0
707,0,35300,STARFRUIT,5037,24,0.0,0.0,0.0,0.0,5044,24,0.0,0.0,0.0,0.0,5040.5,0.0,5037.0,5044.0
708,0,35400,AMETHYSTS,9995,22,0.0,0.0,0.0,0.0,10005,22,0.0,0.0,0.0,0.0,10000.0,0.0,9995.0,10005.0
709,0,35400,STARFRUIT,5037,22,0.0,0.0,0.0,0.0,5042,7,5044.0,22.0,0.0,0.0,5039.5,0.0,5037.0,5043.517241379311
710,0,35500,STARFRUIT,5037,24,0.0,0.0,0.0,0.0,5044,25,0.0,0.0,0.0,0.0,5040.5,0.0,5037.0,5044.0
711,0,35500,AMETHYSTS,10002,5,9995.0,25.0,0.0,0.0,10005,25,0.0,0.0,0.0,0.0,10003.5,0.0,9996.166666666666,10005.0
712,0,35600,AMETHYSTS,9998,10,9996.0,1.0,9995.0,26.0,10004,1,10005.0,26.0,0.0,0.0,10001.0,0.0,9995.837837837838,10004.962962962964
713,0,35600,STARFRUIT,5037,26,0.0,0.0,0.0,0.0,5044,27,0.0,0.0,0.0,0.0,5040.5,0.0,5037.0,5044.0
714,0,35700,AMETHYSTS,10002,1,9996.0,1.0,9995.0,26.0,10004,1,10005.0,26.0,0.0,0.0,10003.0,0.0,9995.285714285714,10004.962962962964
715,0,35700,STARFRUIT,5037,27,0.0,0.0,0.0,0.0,5044,27,0.0,0.0,0.0,0.0,5040.5,0.0,5037.0,5044.0
716,0,35800,AMETHYSTS,9996,2,9995.0,28.0,0.0,0.0,10004,2,10005.0,28.0,0.0,0.0,10000.0,0.0,9995.066666666668,10004.933333333332
717,0,35800,STARFRUIT,5037,2,5036.0,28.0,0.0,0.0,5043,2,5044.0,28.0,0.0,0.0,5040.0,0.0,5036.066666666667,5043.933333333333
718,0,35900,STARFRUIT,5036,30,0.0,0.0,0.0,0.0,5041,6,5043.0,30.0,0.0,0.0,5038.5,0.0,5036.0,5042.666666666667
719,0,35900,AMETHYSTS,9996,1,9995.0,29.0,0.0,0.0,10002,3,10004.0,1.0,10005.0,29.0,9999.0,0.0,9995.033333333333,10004.69696969697
720,0,36000,AMETHYSTS,9995,28,0.0,0.0,0.0,0.0,9998,1,10005.0,28.0,0.0,0.0,9996.5,0.0,9995.0,10004.758620689656
721,0,36000,STARFRUIT,5036,28,0.0,0.0,0.0,0.0,5043,28,0.0,0.0,0.0,0.0,5039.5,0.0,5036.0,5043.0
722,0,36100,AMETHYSTS,9995,26,0.0,0.0,0.0,0.0,9998,4,10005.0,26.0,0.0,0.0,9996.5,0.0,9995.0,10004.066666666668
723,0,36100,STARFRUIT,5036,26,0.0,0.0,0.0,0.0,5043,26,0.0,0.0,0.0,0.0,5039.5,0.0,5036.0,5043.0
724,0,36200,AMETHYSTS,9996,1,9995.0,29.0,0.0,0.0,10002,3,10004.0,1.0,10005.0,29.0,9999.0,0.0,9995.033333333333,10004.69696969697
725,0,36200,STARFRUIT,5036,2,5035.0,29.0,0.0,0.0,5042,30,0.0,0.0,0.0,0.0,5039.0,0.0,5035.064516129032,5042.0
726,0,36300,STARFRUIT,5035,22,0.0,0.0,0.0,0.0,5036,1,5042.0,22.0,0.0,0.0,5035.5,0.0,5035.0,5041.739130434783
727,0,36300,AMETHYSTS,9995,22,0.0,0.0,0.0,0.0,9998,1,10005.0,22.0,0.0,0.0,9996.5,0.0,9995.0,10004.695652173914
728,0,36400,AMETHYSTS,9996,1,9995.0,27.0,0.0,0.0,10002,5,10004.0,1.0,10005.0,27.0,9999.0,0.0,9995.035714285714,10004.515151515152
729,0,36400,STARFRUIT,5036,1,5035.0,27.0,0.0,0.0,5040,1,5042.0,28.0,0.0,0.0,5038.0,0.0,5035.035714285715,5041.931034482759
730,0,36500,AMETHYSTS,9996,1,9995.0,26.0,0.0,0.0,10002,10,10004.0,1.0,10005.0,26.0,9999.0,0.0,9995.037037037036,10004.162162162162
731,0,36500,STARFRUIT,5035,27,0.0,0.0,0.0,0.0,5042,27,0.0,0.0,0.0,0.0,5038.5,0.0,5035.0,5042.0
732,0,36600,AMETHYSTS,10002,4,9998.0,1.0,9995.0,21.0,10005,21,0.0,0.0,0.0,0.0,10003.5,0.0,9996.192307692309,10005.0
733,0,36600,STARFRUIT,5035,21,0.0,0.0,0.0,0.0,5042,21,0.0,0.0,0.0,0.0,5038.5,0.0,5035.0,5042.0
734,0,36700,STARFRUIT,5035,29,0.0,0.0,0.0,0.0,5042,30,0.0,0.0,0.0,0.0,5038.5,0.0,5035.0,5042.0
735,0,36700,AMETHYSTS,10002,1,9995.0,30.0,0.0,0.0,10005,30,0.0,0.0,0.0,0.0,10003.5,0.0,9995.225806451614,10005.0
736,0,36800,AMETHYSTS,10002,1,9996.0,1.0,9995.0,26.0,10004,1,10005.0,26.0,0.0,0.0,10003.0,0.0,9995.285714285714,10004.962962962964
737,0,36800,STARFRUIT,5040,3,5035.0,27.0,0.0,0.0,5042,27,0.0,0.0,0.0,0.0,5041.0,0.0,5035.5,5042.0
738,0,36900,AMETHYSTS,9996,2,9995.0,29.0,0.0,0.0,10002,3,10004.0,2.0,10005.0,29.0,9999.0,0.0,9995.064516129032,10004.676470588236
739,0,36900,STARFRUIT,5035,31,0.0,0.0,0.0,0.0,5042,31,0.0,0.0,0.0,0.0,5038.5,0.0,5035.0,5042.0
740,0,37000,AMETHYSTS,9998,4,9995.0,23.0,0.0,0.0,10005,23,0.0,0.0,0.0,0.0,10001.5,0.0,9995.444444444445,10005.0
741,0,37000,STARFRUIT,5036,3,5035.0,23.0,0.0,0.0,5042,23,0.0,0.0,0.0,0.0,5039.0,0.0,5035.115384615385,5042.0
742,0,37100,STARFRUIT,5041,1,5036.0,24.0,0.0,0.0,5042,1,5043.0,23.0,0.0,0.0,5041.5,0.0,5036.2,5042.958333333333
743,0,37100,AMETHYSTS,9996,1,9995.0,23.0,0.0,0.0,10004,1,10005.0,23.0,0.0,0.0,10000.0,0.0,9995.041666666666,10004.958333333334
744,0,37200,AMETHYSTS,9998,2,9995.0,22.0,0.0,0.0,10005,22,0.0,0.0,0.0,0.0,10001.5,0.0,9995.25,10005.0
745,0,37200,STARFRUIT,5036,22,0.0,0.0,0.0,0.0,5043,22,0.0,0.0,0.0,0.0,5039.5,0.0,5036.0,5043.0
746,0,37300,AMETHYSTS,10002,5,9995.0,27.0,0.0,0.0,10005,27,0.0,0.0,0.0,0.0,10003.5,0.0,9996.09375,10005.0
747,0,37300,STARFRUIT,5037,27,0.0,0.0,0.0,0.0,5044,27,0.0,0.0,0.0,0.0,5040.5,0.0,5037.0,5044.0
748,0,37400,AMETHYSTS,9996,1,9995.0,22.0,0.0,0.0,10004,1,10005.0,22.0,0.0,0.0,10000.0,0.0,9995.04347826087,10004.95652173913
749,0,37400,STARFRUIT,5038,1,5037.0,22.0,0.0,0.0,5044,23,0.0,0.0,0.0,0.0,5041.0,0.0,5037.04347826087,5044.0
750,0,37500,STARFRUIT,5043,1,5038.0,8.0,5037.0,29.0,5044,29,0.0,0.0,0.0,0.0,5043.5,0.0,5037.368421052632,5044.0
751,0,37500,AMETHYSTS,10002,1,9998.0,2.0,9995.0,29.0,10005,29,0.0,0.0,0.0,0.0,10003.5,0.0,9995.40625,10005.0
752,0,37600,AMETHYSTS,9996,2,9995.0,24.0,0.0,0.0,10004,2,10005.0,24.0,0.0,0.0,10000.0,0.0,9995.076923076924,10004.923076923076
753,0,37600,STARFRUIT,5037,26,0.0,0.0,0.0,0.0,5044,26,0.0,0.0,0.0,0.0,5040.5,0.0,5037.0,5044.0
754,0,37700,AMETHYSTS,9996,1,9995.0,28.0,0.0,0.0,10004,1,10005.0,28.0,0.0,0.0,10000.0,0.0,9995.034482758621,10004.965517241379
755,0,37700,STARFRUIT,5042,1,5037.0,29.0,0.0,0.0,5043,1,5044.0,28.0,0.0,0.0,5042.5,0.0,5037.166666666667,5043.9655172413795
756,0,37800,AMETHYSTS,9996,2,9995.0,27.0,0.0,0.0,10004,2,10005.0,27.0,0.0,0.0,10000.0,0.0,9995.068965517241,10004.931034482759
757,0,37800,STARFRUIT,5038,6,5037.0,29.0,0.0,0.0,5043,2,5044.0,27.0,0.0,0.0,5040.5,0.0,5037.171428571429,5043.931034482759
758,0,37900,STARFRUIT,5038,29,0.0,0.0,0.0,0.0,5039,9,5041.0,3.0,5044.0,2.0,5038.5,0.0,5038.0,5040.142857142857
759,0,37900,AMETHYSTS,9996,2,9995.0,27.0,0.0,0.0,10000,3,10004.0,2.0,10005.0,27.0,9998.0,0.0,9995.068965517241,10004.46875
760,0,38000,AMETHYSTS,9995,25,0.0,0.0,0.0,0.0,10002,5,10005.0,25.0,0.0,0.0,9998.5,0.0,9995.0,10004.5
761,0,38000,STARFRUIT,5039,4,5038.0,25.0,0.0,0.0,5045,25,0.0,0.0,0.0,0.0,5042.0,0.0,5038.137931034483,5045.0
762,0,38100,AMETHYSTS,9995,28,0.0,0.0,0.0,0.0,10005,28,0.0,0.0,0.0,0.0,10000.0,0.0,9995.0,10005.0
763,0,38100,STARFRUIT,5038,27,0.0,0.0,0.0,0.0,5045,28,0.0,0.0,0.0,0.0,5041.5,0.0,5038.0,5045.0
764,0,38200,AMETHYSTS,9995,23,0.0,0.0,0.0,0.0,9998,2,10005.0,23.0,0.0,0.0,9996.5,0.0,9995.0,10004.44
765,0,38200,STARFRUIT,5038,23,0.0,0.0,0.0,0.0,5045,23,0.0,0.0,0.0,0.0,5041.5,0.0,5038.0,5045.0
766,0,38300,STARFRUIT,5039,27,0.0,0.0,0.0,0.0,5046,27,0.0,0.0,0.0,0.0,5042.5,0.0,5039.0,5046.0
767,0,38300,AMETHYSTS,9996,1,9995.0,26.0,0.0,0.0,10004,1,10005.0,26.0,0.0,0.0,10000.0,0.0,9995.037037037036,10004.962962962964
768,0,38400,AMETHYSTS,10002,1,9995.0,21.0,0.0,0.0,10005,21,0.0,0.0,0.0,0.0,10003.5,0.0,9995.318181818182,10005.0
769,0,38400,STARFRUIT,5039,20,0.0,0.0,0.0,0.0,5046,21,0.0,0.0,0.0,0.0,5042.5,0.0,5039.0,5046.0
770,0,38500,AMETHYSTS,10002,1,9996.0,2.0,9995.0,23.0,10004,2,10005.0,23.0,0.0,0.0,10003.0,0.0,9995.346153846154,10004.92
771,0,38500,STARFRUIT,5044,1,5039.0,4.0,5038.0,25.0,5045,25,0.0,0.0,0.0,0.0,5044.5,0.0,5038.333333333333,5045.0
772,0,38600,STARFRUIT,5038,27,0.0,0.0,0.0,0.0,5045,27,0.0,0.0,0.0,0.0,5041.5,0.0,5038.0,5045.0
773,0,38600,AMETHYSTS,10002,5,9995.0,27.0,0.0,0.0,10005,27,0.0,0.0,0.0,0.0,10003.5,0.0,9996.09375,10005.0
774,0,38700,STARFRUIT,5042,4,5038.0,1.0,5037.0,29.0,5044,30,0.0,0.0,0.0,0.0,5043.0,0.0,5037.617647058823,5044.0
775,0,38700,AMETHYSTS,9996,1,9995.0,29.0,0.0,0.0,10004,1,10005.0,29.0,0.0,0.0,10000.0,0.0,9995.033333333333,10004.966666666667
776,0,38800,STARFRUIT,5042,4,5038.0,27.0,0.0,0.0,5045,27,0.0,0.0,0.0,0.0,5043.5,0.0,5038.5161290322585,5045.0
777,0,38800,AMETHYSTS,9995,27,0.0,0.0,0.0,0.0,10005,27,0.0,0.0,0.0,0.0,10000.0,0.0,9995.0,10005.0
778,0,38900,AMETHYSTS,9996,1,9995.0,25.0,0.0,0.0,10004,1,10005.0,25.0,0.0,0.0,10000.0,0.0,9995.038461538461,10004.961538461539
779,0,38900,STARFRUIT,5038,26,0.0,0.0,0.0,0.0,5043,7,5045.0,26.0,0.0,0.0,5040.5,0.0,5038.0,5044.575757575758
780,0,39000,STARFRUIT,5038,29,0.0,0.0,0.0,0.0,5046,29,0.0,0.0,0.0,0.0,5042.0,0.0,5038.0,5046.0
781,0,39000,AMETHYSTS,9995,29,0.0,0.0,0.0,0.0,10005,29,0.0,0.0,0.0,0.0,10000.0,0.0,9995.0,10005.0
782,0,39100,STARFRUIT,5038,30,0.0,0.0,0.0,0.0,5043,6,5045.0,30.0,0.0,0.0,5040.5,0.0,5038.0,5044.666666666667
783,0,39100,AMETHYSTS,9996,1,9995.0,29.0,0.0,0.0,10002,10,10004.0,1.0,10005.0,29.0,9999.0,0.0,9995.033333333333,10004.225
784,0,39200,STARFRUIT,5044,1,5038.0,24.0,0.0,0.0,5045,24,0.0,0.0,0.0,0.0,5044.5,0.0,5038.24,5045.0
785,0,39200,AMETHYSTS,9995,24,0.0,0.0,0.0,0.0,10005,24,0.0,0.0,0.0,0.0,10000.0,0.0,9995.0,10005.0
786,0,39300,AMETHYSTS,9998,3,9996.0,1.0,9995.0,26.0,10004,1,10005.0,26.0,0.0,0.0,10001.0,0.0,9995.333333333334,10004.962962962964
787,0,39300,STARFRUIT,5038,27,0.0,0.0,0.0,0.0,5045,27,0.0,0.0,0.0,0.0,5041.5,0.0,5038.0,5045.0
788,0,39400,STARFRUIT,5038,29,0.0,0.0,0.0,0.0,5044,2,5045.0,27.0,0.0,0.0,5041.0,0.0,5038.0,5044.931034482759
789,0,39400,AMETHYSTS,9996,2,9995.0,27.0,0.0,0.0,10004,2,10005.0,27.0,0.0,0.0,10000.0,0.0,9995.068965517241,10004.931034482759
790,0,39500,STARFRUIT,5038,22,0.0,0.0,0.0,0.0,5045,22,0.0,0.0,0.0,0.0,5041.5,0.0,5038.0,5045.0
791,0,39500,AMETHYSTS,9996,2,9995.0,20.0,0.0,0.0,10004,2,10005.0,20.0,0.0,0.0,10000.0,0.0,9995.09090909091,10004.90909090909
792,0,39600,STARFRUIT,5038,22,0.0,0.0,0.0,0.0,5045,22,0.0,0.0,0.0,0.0,5041.5,0.0,5038.0,5045.0
793,0,39600,AMETHYSTS,9995,22,0.0,0.0,0.0,0.0,10005,22,0.0,0.0,0.0,0.0,10000.0,0.0,9995.0,10005.0
794,0,39700,AMETHYSTS,9995,20,0.0,0.0,0.0,0.0,10005,20,0.0,0.0,0.0,0.0,10000.0,0.0,9995.0,10005.0
795,0,39700,STARFRUIT,5038,20,0.0,0.0,0.0,0.0,5045,20,0.0,0.0,0.0,0.0,5041.5,0.0,5038.0,5045.0
796,0,39800,STARFRUIT,5038,31,0.0,0.0,0.0,0.0,5044,1,5045.0,30.0,0.0,0.0,5041.0,0.0,5038.0,5044.967741935484
797,0,39800,AMETHYSTS,9996,1,9995.0,30.0,0.0,0.0,10002,3,10004.0,1.0,10005.0,30.0,9999.0,0.0,9995.032258064517,10004.70588235294
798,0,39900,STARFRUIT,5038,32,0.0,0.0,0.0,0.0,5045,32,0.0,0.0,0.0,0.0,5041.5,0.0,5038.0,5045.0
799,0,39900,AMETHYSTS,9998,1,9996.0,2.0,9995.0,30.0,10004,2,10005.0,30.0,0.0,0.0,10001.0,0.0,9995.151515151516,10004.9375
800,0,40000,STARFRUIT,5037,31,0.0,0.0,0.0,0.0,5044,31,0.0,0.0,0.0,0.0,5040.5,0.0,5037.0,5044.0
801,0,40000,AMETHYSTS,9998,9,9996.0,1.0,9995.0,30.0,10004,1,10005.0,30.0,0.0,0.0,10001.0,0.0,9995.7,10004.967741935483
802,0,40100,AMETHYSTS,10002,1,9995.0,27.0,0.0,0.0,10005,27,0.0,0.0,0.0,0.0,10003.5,0.0,9995.25,10005.0
803,0,40100,STARFRUIT,5037,27,0.0,0.0,0.0,0.0,5044,27,0.0,0.0,0.0,0.0,5040.5,0.0,5037.0,5044.0
804,0,40200,STARFRUIT,5037,23,0.0,0.0,0.0,0.0,5044,23,0.0,0.0,0.0,0.0,5040.5,0.0,5037.0,5044.0
805,0,40200,AMETHYSTS,9996,1,9995.0,22.0,0.0,0.0,10002,7,10004.0,1.0,10005.0,22.0,9999.0,0.0,9995.04347826087,10004.266666666666
806,0,40300,STARFRUIT,5037,3,5036.0,24.0,0.0,0.0,5039,4,5043.0,25.0,0.0,0.0,5038.0,0.0,5036.111111111111,5042.448275862069
807,0,40300,AMETHYSTS,9996,1,9995.0,24.0,0.0,0.0,10000,4,10004.0,1.0,10005.0,24.0,9998.0,0.0,9995.04,10004.275862068966
808,0,40400,STARFRUIT,5037,21,0.0,0.0,0.0,0.0,5043,1,5044.0,20.0,0.0,0.0,5040.0,0.0,5037.0,5043.952380952381
809,0,40400,AMETHYSTS,9996,1,9995.0,20.0,0.0,0.0,10002,10,10004.0,1.0,10005.0,20.0,9999.0,0.0,9995.047619047618,10004.0
810,0,40500,AMETHYSTS,9995,24,0.0,0.0,0.0,0.0,10005,24,0.0,0.0,0.0,0.0,10000.0,0.0,9995.0,10005.0
811,0,40500,STARFRUIT,5037,24,0.0,0.0,0.0,0.0,5044,24,0.0,0.0,0.0,0.0,5040.5,0.0,5037.0,5044.0
812,0,40600,STARFRUIT,5038,2,5037.0,24.0,0.0,0.0,5044,2,5045.0,24.0,0.0,0.0,5041.0,0.0,5037.076923076923,5044.923076923077
813,0,40600,AMETHYSTS,9996,2,9995.0,24.0,0.0,0.0,9998,7,10004.0,2.0,10005.0,24.0,9997.0,0.0,9995.076923076924,10003.454545454546
814,0,40700,STARFRUIT,5038,26,0.0,0.0,0.0,0.0,5045,26,0.0,0.0,0.0,0.0,5041.5,0.0,5038.0,5045.0
815,0,40700,AMETHYSTS,9996,2,9995.0,24.0,0.0,0.0,10004,2,10005.0,24.0,0.0,0.0,10000.0,0.0,9995.076923076924,10004.923076923076
816,0,40800,STARFRUIT,5038,29,0.0,0.0,0.0,0.0,5045,29,0.0,0.0,0.0,0.0,5041.5,0.0,5038.0,5045.0
817,0,40800,AMETHYSTS,9995,29,0.0,0.0,0.0,0.0,10005,29,0.0,0.0,0.0,0.0,10000.0,0.0,9995.0,10005.0
818,0,40900,AMETHYSTS,9995,22,0.0,0.0,0.0,0.0,10005,22,0.0,0.0,0.0,0.0,10000.0,0.0,9995.0,10005.0
819,0,40900,STARFRUIT,5039,22,0.0,0.0,0.0,0.0,5046,22,0.0,0.0,0.0,0.0,5042.5,0.0,5039.0,5046.0
820,0,41000,STARFRUIT,5039,22,0.0,0.0,0.0,0.0,5046,22,0.0,0.0,0.0,0.0,5042.5,0.0,5039.0,5046.0
821,0,41000,AMETHYSTS,9998,5,9995.0,22.0,0.0,0.0,10005,22,0.0,0.0,0.0,0.0,10001.5,0.0,9995.555555555555,10005.0
822,0,41100,AMETHYSTS,9996,1,9995.0,22.0,0.0,0.0,10004,1,10005.0,22.0,0.0,0.0,10000.0,0.0,9995.04347826087,10004.95652173913
823,0,41100,STARFRUIT,5038,23,0.0,0.0,0.0,0.0,5045,23,0.0,0.0,0.0,0.0,5041.5,0.0,5038.0,5045.0
824,0,41200,AMETHYSTS,9996,1,9995.0,25.0,0.0,0.0,9998,8,10004.0,1.0,10005.0,25.0,9997.0,0.0,9995.038461538461,10003.323529411764
825,0,41200,STARFRUIT,5043,3,5039.0,1.0,5038.0,25.0,5045,1,5046.0,25.0,0.0,0.0,5044.0,0.0,5038.551724137931,5045.961538461538
826,0,41300,AMETHYSTS,9996,1,9995.0,20.0,0.0,0.0,10000,6,10002.0,2.0,10004.0,1.0,9998.0,0.0,9995.047619047618,10000.888888888889
827,0,41300,STARFRUIT,5038,21,0.0,0.0,0.0,0.0,5041,6,5045.0,21.0,0.0,0.0,5039.5,0.0,5038.0,5044.111111111111
828,0,41400,STARFRUIT,5039,22,0.0,0.0,0.0,0.0,5046,23,0.0,0.0,0.0,0.0,5042.5,0.0,5039.0,5046.0
829,0,41400,AMETHYSTS,9995,23,0.0,0.0,0.0,0.0,10005,23,0.0,0.0,0.0,0.0,10000.0,0.0,9995.0,10005.0
830,0,41500,AMETHYSTS,9998,5,9995.0,30.0,0.0,0.0,10005,30,0.0,0.0,0.0,0.0,10001.5,0.0,9995.42857142857,10005.0
831,0,41500,STARFRUIT,5038,30,0.0,0.0,0.0,0.0,5040,2,5045.0,30.0,0.0,0.0,5039.0,0.0,5038.0,5044.6875
832,0,41600,AMETHYSTS,9996,1,9995.0,27.0,0.0,0.0,9998,5,10004.0,1.0,10005.0,27.0,9997.0,0.0,9995.035714285714,10003.90909090909
833,0,41600,STARFRUIT,5038,28,0.0,0.0,0.0,0.0,5045,28,0.0,0.0,0.0,0.0,5041.5,0.0,5038.0,5045.0
834,0,41700,AMETHYSTS,9995,20,0.0,0.0,0.0,0.0,10005,20,0.0,0.0,0.0,0.0,10000.0,0.0,9995.0,10005.0
835,0,41700,STARFRUIT,5038,20,0.0,0.0,0.0,0.0,5045,20,0.0,0.0,0.0,0.0,5041.5,0.0,5038.0,5045.0
836,0,41800,STARFRUIT,5039,5,5038.0,30.0,0.0,0.0,5044,2,5045.0,28.0,0.0,0.0,5041.5,0.0,5038.142857142857,5044.933333333333
837,0,41800,AMETHYSTS,9996,2,9995.0,28.0,0.0,0.0,10002,3,10004.0,2.0,10005.0,28.0,9999.0,0.0,9995.066666666668,10004.666666666666
838,0,41900,AMETHYSTS,9998,4,9996.0,2.0,9995.0,28.0,10004,2,10005.0,28.0,0.0,0.0,10001.0,0.0,9995.411764705883,10004.933333333332
839,0,41900,STARFRUIT,5038,30,0.0,0.0,0.0,0.0,5039,2,5043.0,7.0,5045.0,30.0,5038.5,0.0,5038.0,5044.333333333333
840,0,42000,AMETHYSTS,9996,2,9995.0,28.0,0.0,0.0,10004,2,10005.0,28.0,0.0,0.0,10000.0,0.0,9995.066666666668,10004.933333333332
841,0,42000,STARFRUIT,5038,2,5037.0,28.0,0.0,0.0,5044,30,0.0,0.0,0.0,0.0,5041.0,0.0,5037.066666666667,5044.0
842,0,42100,AMETHYSTS,9995,24,0.0,0.0,0.0,0.0,10005,24,0.0,0.0,0.0,0.0,10000.0,0.0,9995.0,10005.0
843,0,42100,STARFRUIT,5038,24,0.0,0.0,0.0,0.0,5043,3,5045.0,24.0,0.0,0.0,5040.5,0.0,5038.0,5044.777777777777
844,0,42200,STARFRUIT,5039,3,5038.0,26.0,0.0,0.0,5045,26,0.0,0.0,0.0,0.0,5042.0,0.0,5038.103448275862,5045.0
845,0,42200,AMETHYSTS,9995,26,0.0,0.0,0.0,0.0,10002,4,10005.0,26.0,0.0,0.0,9998.5,0.0,9995.0,10004.6
846,0,42300,AMETHYSTS,10000,4,9995.0,24.0,0.0,0.0,10005,24,0.0,0.0,0.0,0.0,10002.5,0.0,9995.714285714286,10005.0
847,0,42300,STARFRUIT,5042,4,5039.0,24.0,0.0,0.0,5044,6,5046.0,24.0,0.0,0.0,5043.0,0.0,5039.428571428572,5045.6
848,0,42400,AMETHYSTS,9996,1,9995.0,24.0,0.0,0.0,9998,5,10004.0,1.0,10005.0,24.0,9997.0,0.0,9995.04,10003.8
849,0,42400,STARFRUIT,5043,7,5038.0,25.0,0.0,0.0,5045,25,0.0,0.0,0.0,0.0,5044.0,0.0,5039.09375,5045.0
850,0,42500,AMETHYSTS,9996,2,9995.0,22.0,0.0,0.0,10004,2,10005.0,22.0,0.0,0.0,10000.0,0.0,9995.083333333334,10004.916666666666
851,0,42500,STARFRUIT,5038,23,0.0,0.0,0.0,0.0,5043,8,5045.0,24.0,0.0,0.0,5040.5,0.0,5038.0,5044.5
852,0,42600,STARFRUIT,5038,25,0.0,0.0,0.0,0.0,5043,2,5045.0,25.0,0.0,0.0,5040.5,0.0,5038.0,5044.851851851852
853,0,42600,AMETHYSTS,9995,25,0.0,0.0,0.0,0.0,10002,10,10005.0,25.0,0.0,0.0,9998.5,0.0,9995.0,10004.142857142857
854,0,42700,AMETHYSTS,9996,2,9995.0,20.0,0.0,0.0,10004,2,10005.0,20.0,0.0,0.0,10000.0,0.0,9995.09090909091,10004.90909090909
855,0,42700,STARFRUIT,5038,21,0.0,0.0,0.0,0.0,5044,2,5045.0,20.0,0.0,0.0,5041.0,0.0,5038.0,5044.909090909091
856,0,42800,AMETHYSTS,9995,23,0.0,0.0,0.0,0.0,10005,23,0.0,0.0,0.0,0.0,10000.0,0.0,9995.0,10005.0
857,0,42800,STARFRUIT,5038,23,0.0,0.0,0.0,0.0,5045,23,0.0,0.0,0.0,0.0,5041.5,0.0,5038.0,5045.0
858,0,42900,AMETHYSTS,9995,22,0.0,0.0,0.0,0.0,10005,22,0.0,0.0,0.0,0.0,10000.0,0.0,9995.0,10005.0
859,0,42900,STARFRUIT,5038,22,0.0,0.0,0.0,0.0,5043,7,5045.0,22.0,0.0,0.0,5040.5,0.0,5038.0,5044.517241379311
860,0,43000,STARFRUIT,5038,25,0.0,0.0,0.0,0.0,5045,25,0.0,0.0,0.0,0.0,5041.5,0.0,5038.0,5045.0
861,0,43000,AMETHYSTS,10002,7,9996.0,1.0,9995.0,24.0,10004,1,10005.0,24.0,0.0,0.0,10003.0,0.0,9996.5625,10004.96
862,0,43100,AMETHYSTS,9996,2,9995.0,23.0,0.0,0.0,10002,3,10004.0,2.0,10005.0,23.0,9999.0,0.0,9995.08,10004.607142857143
863,0,43100,STARFRUIT,5038,25,0.0,0.0,0.0,0.0,5045,25,0.0,0.0,0.0,0.0,5041.5,0.0,5038.0,5045.0
864,0,43200,AMETHYSTS,9996,1,9995.0,27.0,0.0,0.0,10000,1,10004.0,1.0,10005.0,27.0,9998.0,0.0,9995.035714285714,10004.793103448275
865,0,43200,STARFRUIT,5038,28,0.0,0.0,0.0,0.0,5041,2,5045.0,28.0,0.0,0.0,5039.5,0.0,5038.0,5044.733333333334
866,0,43300,STARFRUIT,5037,20,0.0,0.0,0.0,0.0,5044,20,0.0,0.0,0.0,0.0,5040.5,0.0,5037.0,5044.0
867,0,43300,AMETHYSTS,9995,20,0.0,0.0,0.0,0.0,10005,20,0.0,0.0,0.0,0.0,10000.0,0.0,9995.0,10005.0
868,0,43400,AMETHYSTS,9996,2,9995.0,27.0,0.0,0.0,10002,8,10004.0,2.0,10005.0,27.0,9999.0,0.0,9995.068965517241,10004.297297297297
869,0,43400,STARFRUIT,5037,28,0.0,0.0,0.0,0.0,5043,2,5044.0,27.0,0.0,0.0,5040.0,0.0,5037.0,5043.931034482759
870,0,43500,AMETHYSTS,9996,1,9995.0,23.0,0.0,0.0,10002,10,10004.0,1.0,10005.0,23.0,9999.0,0.0,9995.041666666666,10004.088235294117
871,0,43500,STARFRUIT,5036,24,0.0,0.0,0.0,0.0,5043,24,0.0,0.0,0.0,0.0,5039.5,0.0,5036.0,5043.0
872,0,43600,AMETHYSTS,9995,21,0.0,0.0,0.0,0.0,10002,1,10005.0,21.0,0.0,0.0,9998.5,0.0,9995.0,10004.863636363636
873,0,43600,STARFRUIT,5036,21,0.0,0.0,0.0,0.0,5041,8,5043.0,21.0,0.0,0.0,5038.5,0.0,5036.0,5042.448275862069
874,0,43700,STARFRUIT,5037,10,5036.0,26.0,0.0,0.0,5043,28,0.0,0.0,0.0,0.0,5040.0,0.0,5036.277777777777,5043.0
875,0,43700,AMETHYSTS,9996,2,9995.0,26.0,0.0,0.0,10004,2,10005.0,26.0,0.0,0.0,10000.0,0.0,9995.07142857143,10004.92857142857
876,0,43800,AMETHYSTS,9995,25,0.0,0.0,0.0,0.0,9998,1,10005.0,25.0,0.0,0.0,9996.5,0.0,9995.0,10004.73076923077
877,0,43800,STARFRUIT,5036,25,0.0,0.0,0.0,0.0,5043,25,0.0,0.0,0.0,0.0,5039.5,0.0,5036.0,5043.0
878,0,43900,AMETHYSTS,9995,28,0.0,0.0,0.0,0.0,10005,28,0.0,0.0,0.0,0.0,10000.0,0.0,9995.0,10005.0
879,0,43900,STARFRUIT,5037,6,5036.0,28.0,0.0,0.0,5043,28,0.0,0.0,0.0,0.0,5040.0,0.0,5036.176470588235,5043.0
880,0,44000,AMETHYSTS,10002,4,9996.0,1.0,9995.0,25.0,10004,1,10005.0,25.0,0.0,0.0,10003.0,0.0,9995.966666666667,10004.961538461539
881,0,44000,STARFRUIT,5036,26,0.0,0.0,0.0,0.0,5043,26,0.0,0.0,0.0,0.0,5039.5,0.0,5036.0,5043.0
882,0,44100,STARFRUIT,5036,29,0.0,0.0,0.0,0.0,5042,2,5043.0,28.0,0.0,0.0,5039.0,0.0,5036.0,5042.933333333333
883,0,44100,AMETHYSTS,9996,2,9995.0,28.0,0.0,0.0,10004,2,10005.0,28.0,0.0,0.0,10000.0,0.0,9995.066666666668,10004.933333333332
884,0,44200,AMETHYSTS,9998,4,9996.0,2.0,9995.0,20.0,10004,2,10005.0,20.0,0.0,0.0,10001.0,0.0,9995.538461538461,10004.90909090909
885,0,44200,STARFRUIT,5036,22,0.0,0.0,0.0,0.0,5043,22,0.0,0.0,0.0,0.0,5039.5,0.0,5036.0,5043.0
886,0,44300,AMETHYSTS,9996,1,9995.0,24.0,0.0,0.0,10004,1,10005.0,24.0,0.0,0.0,10000.0,0.0,9995.04,10004.96
887,0,44300,STARFRUIT,5037,7,5036.0,25.0,0.0,0.0,5042,1,5043.0,24.0,0.0,0.0,5039.5,0.0,5036.21875,5042.96
888,0,44400,AMETHYSTS,9996,1,9995.0,29.0,0.0,0.0,10004,1,10005.0,29.0,0.0,0.0,10000.0,0.0,9995.033333333333,10004.966666666667
889,0,44400,STARFRUIT,5037,1,5036.0,30.0,0.0,0.0,5043,30,0.0,0.0,0.0,0.0,5040.0,0.0,5036.032258064516,5043.0
890,0,44500,STARFRUIT,5036,27,0.0,0.0,0.0,0.0,5043,27,0.0,0.0,0.0,0.0,5039.5,0.0,5036.0,5043.0
891,0,44500,AMETHYSTS,9996,1,9995.0,26.0,0.0,0.0,10004,1,10005.0,26.0,0.0,0.0,10000.0,0.0,9995.037037037036,10004.962962962964
892,0,44600,AMETHYSTS,9995,23,0.0,0.0,0.0,0.0,10005,23,0.0,0.0,0.0,0.0,10000.0,0.0,9995.0,10005.0
893,0,44600,STARFRUIT,5037,23,0.0,0.0,0.0,0.0,5044,23,0.0,0.0,0.0,0.0,5040.5,0.0,5037.0,5044.0
894,0,44700,AMETHYSTS,9996,1,9995.0,23.0,0.0,0.0,10002,9,10004.0,1.0,10005.0,23.0,9999.0,0.0,9995.041666666666,10004.151515151516
895,0,44700,STARFRUIT,5038,7,5037.0,24.0,0.0,0.0,5044,24,0.0,0.0,0.0,0.0,5041.0,0.0,5037.225806451613,5044.0
896,0,44800,AMETHYSTS,9996,2,9995.0,22.0,0.0,0.0,10002,10,10004.0,2.0,10005.0,22.0,9999.0,0.0,9995.083333333334,10004.058823529413
897,0,44800,STARFRUIT,5037,24,0.0,0.0,0.0,0.0,5043,2,5044.0,22.0,0.0,0.0,5040.0,0.0,5037.0,5043.916666666667
898,0,44900,STARFRUIT,5041,9,5036.0,26.0,0.0,0.0,5043,26,0.0,0.0,0.0,0.0,5042.0,0.0,5037.285714285715,5043.0
899,0,44900,AMETHYSTS,9995,26,0.0,0.0,0.0,0.0,10002,6,10005.0,26.0,0.0,0.0,9998.5,0.0,9995.0,10004.4375
